2985 3651
1320 178 1642 225 ..4,-

220 315 410 379 mythum
435 318 612 382 antiquis
635 320 730 368 inde
755 335 779 367 a
804 317 1060 382 temporibus
1086 319 1285 368 traditum
1311 325 1590 384 componeret.
1643 318 1730 365 Nec
1756 332 1853 365 vero
1879 318 2029 364 mirum
2069 324 2146 372 est,
2172 318 2369 366 maiorem
2410 321 2587 368 indolem
2611 322 2740 384 poeti-

222 407 326 447 cam,
351 393 586 455 argumenti
610 394 897 442 tractationem
921 393 1051 455 magis
1077 394 1130 441 ad
1153 395 1462 458 pulchritudinis
1487 392 1794 455 venustatisque
1819 408 2006 438 normam
2032 394 2340 447 conformatam,
2368 396 2593 443 orationem
2618 397 2738 442 etiam

220 467 472 513 ornatiorem
496 469 538 514 in
561 470 710 515 talibus
735 469 858 531 epicis
883 469 1145 524 carminibus,
1173 471 1313 533 quales
1337 471 1430 515 Ilias
1455 475 1498 513 et
1524 468 1711 528 Odyssea
1737 474 1847 519 sunt,
1872 467 2024 524 inesse:
2064 483 2313 529 quamquam
2339 468 2413 514 has
2451 470 2551 531 epici
2577 471 2735 532 generis

220 540 396 587 virtutes
422 542 544 587 etiam
570 543 611 589 in
635 543 796 606 hymnis
830 558 1131 607 saepenumero
1175 546 1447 606 agnoscimus.
1509 544 1641 587 Immo
1679 542 1818 587 insunt
1851 541 1941 595 loci,
1992 541 2033 586 in
2071 540 2220 604 quibus
2255 542 2377 588 dictio
2404 543 2735 605 splendidissima,

219 614 417 677 imagines
442 631 491 662 ac
516 618 843 680 comparationes
868 618 1181 681 pulcherrimae,
1208 619 1500 682 descriptiones
1525 616 1787 663 vividissimae
1814 622 1856 661 et
1882 631 2053 677 prorsus
2079 615 2131 662 ad
2155 622 2345 662 naturam
2371 619 2621 680 compositae
2647 626 2734 665 tan-

218 695 306 735 tam
331 690 373 736 in
397 690 578 737 animum
604 692 769 757 lectoris
796 692 880 739 sive
905 692 1103 739 auditoris
1129 694 1209 740 vim
1234 699 1442 746 exercent,
1477 698 1525 738 ut
1560 691 1601 737 in
1625 690 1748 737 Iliade
1774 696 1816 736 et
1840 690 2028 751 Odyssea
2060 706 2272 753 nunquam
2304 692 2514 738 venustius
2549 694 2646 755 quid
2671 710 2734 740 re-

217 764 372 825 perisse
397 764 517 812 nohis
541 766 766 815 videamur.
793 766 880 814 Sed
903 767 985 813 iam
1011 767 1108 820 satis
1133 767 1184 814 de
1209 767 1367 829 hymnis
1392 764 1623 812 Homericis
1657 764 1846 811 universe
1887 764 2141 826 disputatum
2177 771 2255 820 est,
2291 764 2432 826 *ipsum
2465 766 2507 813 in
2541 768 2735 814 Cererem

213 837 415 898 hymnum
441 841 733 901 aggrediamur
751 837 807 904 1’).
859 840 1153 887 Describamus
1179 842 1356 902 primum
1382 845 1673 901 argumentum
1699 838 1849 899 hymni,
1876 838 2021 885 deinde
2048 839 2145 900 quid
2180 839 2232 885 de
2268 839 2525 893 tractatione,
2552 842 2604 887 de
2643 858 2738 888 con-

216 911 304 957 silio
331 916 494 975 poetae,
521 906 707 979 quisquis
733 916 869 969 suerit,
896 916 1159 962 statuendum
1185 930 1276 961 esse
1297 915 1494 968 videatur,
1520 928 1791 975 exponamuS‚
1816 911 1995 958 breviter
2020 912 2143 959 etiam
2163 914 2362 975 patefacta
2381 915 2580 961 sententia
2600 923 2740 963 nostra

213 986 267 1033 de
293 988 536 1048 quaestione
562 991 810 1050 gravissuna,
842 997 984 1036 utrum
1016 987 1096 1035 hoc
1132 1005 1299 1035 carmen
1324 1006 1454 1035 unum
1479 989 1530 1035 sit
1554 1004 1607 1034 an
1643 987 1686 1034 in
1711 986 1812 1033 duas
1851 986 2028 1033 diversas
2062 994 2202 1049 partes
2227 987 2500 1042 dividendum,
2553 1006 2731 1052 quarum

215 1060 390 1107 alteram
417 1064 707 1123 grammaticus
734 1063 899 1125 quidam
925 1080 978 1108 ex
1005 1063 1182 1125 reliquiis
1208 1070 1251 1109 et
1276 1064 1515 1124 fragmentis
1550 1062 1688 1124 hymni
1713 1062 1923 1107 Homerici
1949 1061 2012 1107 vel
2037 1077 2113 1123 pro
2138 1063 2362 1109 Homerico
2395 1062 2544 1109 laudati
2571 1065 2738 1125 conglu-

212 1134 415 1189 tinaverit,
465 1137 506 1183 id
532 1136 645 1198 quod
670 1143 919 1197 argumento
945 1137 1133 1182 carminis
1161 1144 1352 1183 accurate
1379 1137 1585 1199 descripto
1612 1136 1765 1197 optime
1792 1135 1997 1181 diiudicari
2024 1136 2186 1196 poterit.

363 1217 509 1264 Primis
554 1218 740 1265 versibus
776 1223 902 1281 poeta
937 1219 1148 1266 consilium
1175 1219 1337 1266 Cereris
1372 1226 1497 1281 atque
1530 1219 1634 1265 filiae
1682 1218 1768 1263 eius
1802 1217 1979 1263 carmine
2016 1216 2352 1264 celebrandarum
2398 1219 2541 1281 aperit,
2592 1220 2738 1268 deinde

210 1306 247 1336 v.
276 1287 457 1336 3—-39
480 1297 667 1354 ¹raptum
693 1291 966 1354 Proserpinae
1005 1292 1209 1337 describit.
1237 1293 1381 1346 Quum
1400 1293 1645 1354 Proserpina
1671 1292 1816 1336 ludens
1842 1291 1882 1335 in
1910 1296 2028 1352 prato
2052 1305 2148 1335 cum
2174 1290 2333 1336 filiabus
2347 1293 2502 1337 Oceani
2534 1294 2739 1356 floresque

210 1365 354 1425 legens
379 1365 610 1411 narcissum
635 1365 969 1427 pulcherrimum,
996 1381 1120 1428 quem
1147 1366 1287 1412 Tellus
1326 1367 1431 1412 lovis
1456 1372 1562 1412 nutu
1588 1366 1856 1427 produxerat,
1882 1372 1930 1410 ut
1959 1365 2117 1426 puellae
2152 1365 2336 1411 fraudem
2377 1366 2542 1421 faceret,
2594 1376 2737 1429 petere

209 1438 348 1493 vellet,
372 1446 547 1501 repente
571 1446 712 1486 terrae
731 1439 773 1486 in
797 1439 923 1502 Nysio
950 1454 1096 1503 campo
1119 1440 1234 1487 hiatu
1260 1441 1367 1487 sacto
1392 1441 1546 1487 Pluton
1590 1440 1632 1487 in
1656 1440 1839 1486 timidam
1883 1439 2061 1501 puellam
2088 1440 2319 1502 prorumpit
2362 1455 2537 1503 eamque
2572 1442 2736 1489 invitam

210 1513 470 1576 miserosque
495 1514 694 1560 clamores
720 1515 1039 1578 profundentem
1065 1515 1106 1560 in
1131 1530 1258 1561 curru
1284 1531 1361 1561 suo
1387 1515 1567 1569 abducit,
1593 1530 1670 1560 nec
1695 1514 1911 1577 quisquam
1934 1529 2025 1560 eam
2051 1514 2260 1560 audiverat
2286 1521 2450 1576 praeter
2474 1517 2661 1562 Hecaten
2693 1524 2735 1562 et

209 1587 363 1635 Solem.
391 1588 576 1635 Tandem
601 1604 731 1652 quum
757 1595 920 1636 montes
946 1590 1156 1653 mariaque
1182 1590 1403 1636 clamorem
1428 1589 1700 1652 Proserpinae
1724 1594 1980 1640 resonarent,
2012 1604 2095 1633 vox
2121 1588 2226 1633 tiliae
2261 1588 2527 1635 lamentabilis
2554 1607 2576 1635 a
2603 1598 2734 1637 matre

210 1661 349 1709 audita
373 1668 448 1716 est,
476 1663 592 1709 cuius
617 1664 658 1709 in
683 1668 830 1726 pectus
856 1664 1000 1725 ingens
1027 1665 1146 1710 dolor
1172 1665 1334 1726 penitus
1362 1666 1583 1712 descendit.
1608 1665 1766 1709 Novem
1779 1663 1871 1708 inde
1895 1662 1947 1707 ab
1966 1663 2046 1708 hoc
2064 1670 2252 1725 tempore
2271 1663 2356 1708 dies
2376 1670 2508 1710 terras
2527 1666 2736 1727 mariaque

207 1743 415 1799 peragrat,
441 1737 550 1782 faces
575 1737 766 1784 manibus
792 1745 951 1790 tenens,
978 1753 1114 1800 neque
1141 1745 1280 1784 tamen
1306 1740 1385 1784 lilia
1409 1739 1461 1783 ab
1489 1755 1535 1783 ea
1563 1738 1832 1799 conspicitur:
1858 1737 2025 1782 tandem
2050 1737 2209 1782 Hecate
2248 1738 2283 1782 ei
2322 1737 2439 1783 obvia
2467 1739 2526 1791 fit,
2554 1748 2741 1799 quacum'

207 1812 360 1857 certior
385 1813 491 1857 sacta
515 1811 808 1875 Proserpinam
832 1819 994 1875 raptam
1018 1827 1112 1858 esse
1137 1813 1190 1858 ad
1216 1813 1357 1859 Solem
1393 1814 1540 1875 pergit,
1582 1805 1631 1858 ut
1666 1828 1720 1858 ex
1755 1827 1805 1857 eo
1843 1817 2073 1873 quaereret,
2124 1827 2224 1856 num
2263 1811 2409 1856 alicubi
2446 1812 2568 1857 filiam
2616 1829 2731 1858 suam

207 1886 375 1931 vidisset
402 1888 454 1948 (v.
484 1886 734 1949 39—74).
773 1888 922 1949 Neque
948 1903 995 1932 ea
1022 1903 1116 1949 spes
1152 1904 1244 1933 eam
1268 1888 1417 1933 fefellit.
1444 1888 1516 1933 Sol
1544 1887 1818 1932 misericordia
1844 1886 1985 1931 matris
2023 1886 2256 1945 gravissima
2294 1886 2523 1932 calamitate
2562 1886 2733 1932 afflictae

209 1967 443 2005 commotus
470 1962 505 2006 ei
532 1967 685 2014 narrat,
712 1962 836 2007 filiam
861 1963 960 2007 Iove
986 1962 1241 2023 approbante
1273 1979 1297 2007 a
1331 1963 1510 2007 Plutone
1545 1968 1706 2022 raptam
1744 1967 1870 2022 atque
1908 1960 1959 2006 ad
2010 1960 2158 2005 inferos
2193 1959 2412 2006 abductam
2458 1976 2570 2006 esse:
2614 1961 2731 2006 simul

208 2032 407 2080 Cererem
434 2035 635 2081 consolari
672 2042 860 2088 conatur,
900 2037 1014 2097 quod
1051 2043 1136 2082 tam
1172 2036 1351 2083 nobilem
1390 2036 1538 2098 adepta
1574 2036 1625 2081 sit
1661 2050 1862 2096 generum
1906 2034 1958 2096 (v.
1989 2033 2235 2095 74—88).
2288 2033 2387 2088 Quo
2439 2035 2578 2081 audito
2614 2035 2731 2081 dolor

205 2107 370 2155 altiores
397 2109 520 2157 etiam
544 2110 702 2157 radices
726 2111 766 2157 in
792 2116 963 2173 pectore
989 2112 1130 2158 matris
1157 2112 1252 2172 egit,
1279 2111 1334 2158 ita
1359 2118 1408 2158 ut
1434 2111 1698 2158 vehementer
1723 2110 1764 2156 in
1790 2108 1919 2156 fllium
1958 2108 2124 2154 Saturni
2163 2108 2325 2155 incensa
2359 2108 2533 2156 deorum
2557 2124 2725 2155 consor-

204 2183 311 2229 tium
335 2185 482 2231 vitaret
507 2192 549 2231 et
578 2186 708 2232 forma
734 2192 893 2232 mutata
918 2186 1026 2232 inter
1050 2187 1235 2233 homines
1262 2192 1492 2248 vagaretur,
1520 2187 1652 2233 donec
1677 2184 1869 2233 Eleusina
1896 2184 2064 2238 veniret,
2091 2199 2196 2246 quae
2223 2182 2323 2230 urbs
2350 2190 2439 2230 tum
2467 2185 2662 2246 temporis
2686 2184 2725 2229 in

208 2257 362 2304 ditione
388 2257 501 2306 Celei
541 2267 630 2307 erat
663 2260 713 2322 (v.
743 2260 993 2323 88—98).
1045 2261 1108 2307 lbi
1136 2262 1282 2308 misere
1309 2261 1456 2308 al'llicta
1481 2262 1533 2310 ad
1567 2260 1835 2308 Parthenium
1870 2261 2025 2307 sontem
2059 2259 2243 2306 consedit
2291 2259 2369 2306 sub
2405 2258 2552 2305 umbra
2587 2259 2726 2310 olivae,

207 2332 389 2379 aniculae
416 2333 588 2381 similem
614 2342 656 2381 et
684 2336 857 2382 sormam
883 2343 925 2382 et
950 2336 1108 2383 vultum
1136 2335 1288 2383 induta.
1340 2335 1557 2383 Accedunt
1592 2341 1790 2399 quattuor
1823 2335 1929 2380 filiae
1963 2334 2073 2380 Celei
2110 2329 2163 2382 ad
2205 2335 2441 2397 aquandum
2475 2334 2727 2395 comiterque

207 2423 263 2454 ex
288 2424 370 2454 anu
397 2415 617 2471 quaerunt,
644 2410 755 2456 unde
780 2411 926 2458 veniat.
951 2411 1193 2473 Respondet
1233 2412 1277 2458 iis
1305 2411 1445 2465 Ceres,
1472 2427 1517 2458 se
1556 2427 1578 2457 a
1606 2411 1745 2474 piratis
1772 2425 1826 2456 ex
1853 2409 1977 2455 Creta
2003 2408 2132 2455 insula
2156 2408 2388 2462 abductam,
2416 2425 2544 2471 quum
2572 2409 2622 2453 illi
2639 2408 2727 2453 navi

205 2481 259 2527 ad
285 2481 507 2529 Thoricum
534 2484 706 2546 appulsa
744 2485 785 2529 in
812 2490 967 2530 terram
993 2487 1146 2545 egressi
1172 2492 1324 2538 essent,
1352 2493 1584 2547 opportuna
1611 2486 1705 2532 data
1732 2485 1945 2531 occasione
1970 2484 2109 2544 sugam
2135 2484 2290 2546 cepisse
2315 2499 2362 2529 ac
2383 2483 2547 2529 tandem
2567 2483 2606 2527 in
2626 2483 2728 2526 lianc

205 2557 391 2618 ignotam
417 2565 571 2604 terram
598 2559 843 2622 pervenisse.
873 2559 1002 2605 Simul
1030 2575 1053 2605 a
1077 2560 1149 2606 diis
1176 2561 1290 2622 petit,
1318 2567 1366 2606 ut
1392 2561 1453 2606 his
1479 2560 1622 2622 puellis
1649 2560 1785 2607 omnia
1810 2558 1919 2605 bona
1945 2558 2057 2611 dent,
2083 2556 2136 2601 ab
2160 2557 2254 2620 ipsis
2275 2573 2387 2609 vero,
2414 2564 2461 2602 ut
2487 2556 2615 2602 malae
2631 2571 2729 2601 suae

204 2632 396 2680 fortunae
419 2634 693 2681 misereantur
718 2634 769 2697 (v.
788 2633 1077 2697 98—145).
1118 2635 1329 2682 Consolari
1356 2652 1446 2682 eam
1473 2635 1611 2682 studet
1633 2634 1834 2687 Callidice‚
1862 2633 2036 2679 filiarum
2061 2630 2489 2696 Celei'pulcherrima:
2517 2630 2728 2676 hominum

205 2720 311 2761 esse,
339 2722 445 2769 quae
471 2723 494 2754 a
522 2709 597 2755 diis
622 2709 848 2756 inferantur
873 2709 1136 2764 calamitates,
1157 2711 1359 2773 patienter
1385 2712 1503 2756 serre.
1530 2711 1672 2756 Refert
1698 2709 1844 2755 deinde
1871 2708 2070 2771 principes
2096 2708 2279 2769 potentia
2305 2707 2537 2769 opibusque
2562 2706 2601 2750 in
2623 2705 2727 2750 urbe

203 2778 399 2828 Eleusine
425 2784 628 2845 pollentes
655 2789 697 2830 et
719 2799 846 2846 quum
873 2784 1001 2830 Ceres
1027 2786 1152 2831 modo
1180 2786 1230 2837 (v.
1265 2785 1587 2847 138-145),
1614 2791 1661 2830 ut
1680 2784 1849 2831 aedibus
1878 2783 2043 2828 alicuius
2062 2788 2258 2843 tanquam
2285 2798 2402 2827 serva
2422 2782 2728 2841 liberorumque

206 2856 473 2917 parvulorum
497 2858 640 2904 nutrix
660 2859 933 2921 exciperetur,
953 2860 1149 2922 petiisset,
1176 2861 1240 2907 illa
1260 2862 1296 2906 ei
1320 2860 1557 2922 respondet,
1582 2874 1736 2906 uxores
1750 2858 1978 2922 principum
1999 2872 2142 2903 omnes
2168 2857 2230 2903 vel
2257 2857 2389 2920 primo
2416 2856 2611 2917 adspectu
2638 2869 2727 2900 earn

300 3115 336 3159 ¹⁸)
372 3114 489 3151 Utrum
515 3115 680 3150 Homerus
711 3118 784 3162 ipse
807 3129 850 3152 an
873 3118 959 3153 alius
984 3121 1058 3165 quis
1085 3119 1175 3154 hunc
1203 3120 1366 3165 hymnum
1392 3121 1620 3165 composuerit
1650 3125 1684 3153 et
1710 3129 1777 3165 qua
1801 3124 1914 3154 aetate
1940 3115 2006 3150 hoc
2033 3116 2157 3152 sactum
2184 3117 2237 3159 sit,
2262 3116 2306 3150 de
2340 3127 2382 3150 eo
2415 3119 2616 3202 inagnadest
2642 3114 2727 3147 inter

386 3182 392 3189 .
663 3173 670 3180 .
773 3174 779 3181 .
1357 3178 1362 3183 .
1486 3177 1520 3183 ..
1963 3199 1971 3206 .
2010 3198 2017 3206 ⁸
2112 3199 2119 3206 .
2183 3199 2190 3206 ⁸
2338 3175 2345 3182 ·
2471 3172 2478 3180 ⁶
2562 3181 2666 3202 verss.
2694 3172 2701 3202 i

371 3171 2008 3277 3,3533..⁶?12‘‚22.?L?⁵27⁵1230?5;¹5.3.'21¹2‘⁰0:333?032221325'2.‘‡233335⁸...55.sszgffds‘?¹..
2042 3171 2655 3268 Ρῗεξῗιηῖἷεῖῗῖῗξηίίῗέ““ἷ,“,....,υ,
2693 3183 2726 3260 ..¹1

373 3284 544 3319 Cererem.
568 3285 683 3321 Praei.
709 3297 742 3330 p.
767 3285 848 3330 XX„
872 3289 929 3333 qui
955 3299 1034 3323 eum
1059 3287 1103 3323 ab
1128 3287 1276 3333 Orphico
1314 3289 1462 3335 quodam
1487 3289 1685 3323 confectum
1719 3298 1796 3322 esse
1822 3291 1926 3331 putat.
1954 3285 2066 3320 Nicol.
2095 3285 2269 3330 lqnarrae
2300 3281 2569 3319 Emendationes
2611 3279 2726 3325 hymni

371 3338 542 3374 Homerici
571 3342 605 3375 in
633 3340 795 3376 Cererem
821 3344 911 3388 apud
943 3344 1184 3379 Mitscherlich.
1216 3354 1296 3390 pag.
1331 3344 1400 3379 235
1435 3356 1507 3391 sqq.
1572 3343 1669 3390 Πρω
1695 3343 1817 3387 llymni
1860 3341 2036 3375 Homerici.
2077 3341 2400 3374 Animadversiones
2435 3348 2511 3381 pag.
2547 3336 2617 3370 ⁴99
2655 3349 2726 3381 sqq.

371 3395 544 3431 Ruhnken
569 3395 682 3440 hymn.
709 3399 744 3432 in
770 3396 887 3433 Cei-er.
912 3399 1025 3434 Praef.
1052 3400 1122 3437 vll.
1149 3411 1221 3446 sqq.
1247 3399 1287 3446 8.
1314 3400 1359 3446 β.
1385 3400 1489 3444 809,
1515 3398 1646 3445 Damae
1670 3408 1714 3435 an
1740 3397 1912 3436 Demeter.
1940 3395 2211 3442 &udaiei-angen
2236 3407 2313 3441 με.
2342 3400 2374 3431 1.
