2985 3651
1357 213 1678 262 ...g...

249 355 356 419 sqq.)
393 355 539 403 veniat.
577 354 687 402 Tum
723 354 880 417 Iupiter
917 352 1068 399 certior
1114 353 1248 400 sactus
1286 352 1483 401 Cererem
1536 355 1739 401 tristitiam
1777 354 2046 415 doloremque
2088 369 2171 400 non
2219 345 2311 401 esse
2330 377 2337 386 =
2358 357 2648 419 mitigatum,
2695 359 2769 404 nisi

246 431 329 476 fitia
351 435 611 495 recuperata,
647 429 898 472 Mercurium
936 429 988 471 ad
1013 429 1236 472 Tartarum
1273 429 1409 479 mittit,
1445 436 1496 474 ut
1530 431 1750 475 Plutonem
1787 429 2075 487 Proserpinam
2108 445 2233 475 manu
2258 431 2422 477 mittere
2459 431 2610 479 iubeat.
2674 431 2772 487 Quo

255 506 365 550 fecto
390 505 508 550 Rhea
527 505 563 564 *)
587 505 694 547 Iovis
719 504 833 546 iussu
874 504 927 546 ad
966 503 1165 547 Cererem
1196 503 1486 564 proficiscitur,
1530 511 1580 548 ut
1614 521 1706 549 eam
1738 502 1938 564 placatam
1977 501 2057 549 iam
2101 500 2151 549 ad
2200 501 2374 551 deorum
2408 503 2621 553 concilium
2652 503 2774 553 ducat

253 579 309 642 (v.
351 579 452 623 441
500 577 605 640 sqq.)
644 592 780 639 neque
816 576 882 621 illa
919 584 1088 622 recusat
1125 577 1177 638 (v.
1219 576 1358 639 470).
1395 577 1596 623 Videmus
1634 578 1707 624 has
1744 576 1967 638 legationes
2005 582 2100 638 apte
2137 575 2304 624 carmini
2327 577 2501 627 insertas
2528 595 2619 628 esse
2635 596 2770 643 neque

251 667 335 714 ego
372 652 566 712 intelligo,
604 667 686 713 qua
725 651 886 696 ratione
922 651 1213 704 Ruhnkenius,
1250 652 1312 696 vir
1349 651 1533 698 doctrina
1570 652 1801 713 iudicioque
1840 651 2057 704 excellens,
2096 656 2327 698 commotus
2366 651 2431 707 sit,
2468 660 2517 700 ut
2542 670 2612 702 eas
2638 654 2771 702 iacere

255 728 415 772 dixerit.
455 725 598 770 Cereri
634 740 771 786 neque
810 725 949 771 statim
986 725 1117 787 prima
1155 726 1359 787 legatione
1404 742 1541 787 neque
1585 725 1642 772 ita
1679 724 1793 771 facile
1840 724 2090 787 persuaderi,
2153 732 2201 773 ut
2238 725 2344 773 Iovis
2403 726 2600 776 voluntati
2651 727 2770 777 obse·

254 807 419 863 quatur,
457 800 562 844 irato
599 799 689 844 eius
727 799 866 845 animo
904 815 1077 862 prorsus
1115 806 1438 845 consentaneum
1475 804 1551 844 est.

403 874 464 919 At
499 874 677 919 sortasse
714 888 771 919 ex
808 873 856 920 iis
893 873 1004 936 apud
1042 873 1284 919 Pausaniam
1320 871 1432 925 locis,
1479 871 1629 934 quibus
1670 871 1846 933 hymnus
1882 878 2027 920 noster
2073 871 2126 920 ab
2173 888 2224 921 eo
2270 880 2526 922 memoratur
2602 875 2652 939 (1,
2702 874 2769 924 38

253 947 331 993 bis.
369 948 443 1000 lv,
483 945 569 993 30.
607 948 663 1000 11,
707 947 729 992 1
742 948 792 1008 4)
843 947 992 1008 aliquid
1030 947 1161 1007 colligi
1198 945 1351 1007 poterit
1387 945 1439 992 ad
1477 946 1765 992 auctoritatem
1802 945 1896 993 huic
1946 946 2098 1007 hymno
2136 948 2261 1009 vulgo
2297 947 2495 995 tributam
2544 950 2660 997 valde
2711 950 2770 996 in·

253 1020 515 1074 firmandam,
552 1037 690 1084 neque
727 1020 838 1081 Aug.
859 1019 1106 1068 Matthiaeus
1144 1018 1465 1082 (Animadverss.
1495 1036 1545 1083 -.p
1589 1017 1655 1065 Π
1679 1017 1787 1083 sqq.)
1822 1018 2005 1082 neglexit
2041 1019 2094 1068 de
2131 1035 2181 1066 ea
2217 1035 2265 1068 re
2301 1020 2427 1068 verba
2473 1021 2619 1069 facere.
2657 1024 2766 1071 Pau-

254 1096 390 1142 sanias
427 1095 554 1157 igitur
589 1097 622 1149 1,
663 1093 730 1141 38
770 1094 872 1140 haec
908 1093 1055 1140 habet:
1103 1091 1168 1141 τὰ
1206 1090 1260 1140 δὲ
1296 1092 1406 1160 ἱεροὶ
1441 1100 1558 1140 τοῖν
1590 1095 1743 1140 θεοῖν
1759 1090 2031 1156 Εὔμολπος
2065 1093 2150 1141 καὶ
2170 1096 2225 1141 αἱ
2258 1096 2548 1159 θυγατέρες
2579 1096 2768 1161 δρωσιν

258 1169 315 1212 αἱ
352 1166 553 1212 Κελεοῦ.
614 1165 847 1212 Καλοῦσι
901 1162 955 1212 δὲ
992 1166 1135 1229 σφᾶς
1182 1158 1430 1231 Πάμφως
1478 1181 1550 1222 τε,
1585 1162 1718 1212 κατὰ
1755 1165 1924 1211 ταῦτα
1971 1163 2055 1212 καὶ
2086 1160 2321 1230 Όμηρος,
2354 1166 2653 1223 Διογενειαν
2687 1166 2774 1215 καὶ

255 1233 620 1299 Παμμερόπην
652 1233 740 1282 καὶ
775 1234 959 1301 τρίτην
990 1231 1285 1299 Σαισάραν.
1322 1234 1454 1299 Atqui
1490 1234 1533 1282 in
1568 1233 1722 1297 hymno
1757 1239 1903 1282 nostro
1949 1250 1985 1281 v.
2031 1234 2132 1283 108
2172 1250 2258 1282 ιιοιι
2311 1240 2413 1289 ῑιθε,
2452 1235 2525 1286 sed
2578 1243 2776 1300 quattuor

255 1309 363 1356 filiae
402 1308 515 1354 Celei
551 1308 819 1357 nominantur
856 1324 1013 1372 eaeque
1050 1309 1218 1356 diversis
1255 1310 1375 1372 plane
1411 1307 1644 1366 nominibus

787 1388 1049 1450 τε’σ,σαρες
1078 1378 1206 1433 ὥστε
1238 1385 1382 1443 θεαί,
1416 1383 1663 1465 κουρήιον
1695 1383 1866 1443 ἄνθος
1901 1384 2114 1445 ε’χουσαι
2184 1427 2186 1429 ,

783 1451 1068 1527 Καλλιδίκη
1105 1450 1191 1497 καὶ
1201 1451 1545 1526 Κλεισιδίκη,
1577 1446 1734 1525 Δημώ
1768 1447 2022 1527 τέρὸεσσα

782 1512 1054 1575 Καλλιθόη
1090 1510 1160 1568 θ’,
1187 1529 1220 1575 η
1258 1528 1362 1558 των
1393 1508 1769 1577 προγενεστάτη
1805 1510 1897 1576 ἦεν
1929 1512 2184 1560 άπασεᾝων

407 1592 535 1649 Quod
571 1591 842 1639 Ruhnkenius
886 1589 940 1637 ad
982 1605 1019 1636 v.
1068 1587 1175 1635 479
1230 1588 1283 1635 ad
1330 1588 1613 1652 explicandam
1657 1589 1763 1636 hanc
1817 1576 2129 1673 discrepantiam
2175 1590 2283 1645 dicit,
2332 1591 2434 1639 haec
2489 1593 2615 1641 trium
2666 1593 2777 1642 Celei

255 1669 432 1715 filiarum
468 1667 647 1720 nomina,
686 1682 794 1728 quae
831 1663 944 1732 apud
979 1664 1156 1710 Pausan.
1194 1662 1221 1710 l.
1261 1678 1296 1710 c.
1334 1663 1539 1726 legantur,
1575 1663 1617 1711 h.
1656 1664 1683 1712 l.
1720 1663 1986 1718 intercidisse,
2024 1663 2188 1712 minime
2207 1665 2397 1713 sufficere
2434 1667 2515 1714 iam
2552 1668 2655 1731 ipse
2667 1668 2778 1723 uidit.

252 1759 385 1805 quum
422 1740 583 1789 scribit.
622 1739 723 1787 illud
758 1745 900 1786 tamen
935 1736 1074 1785 mirari
1112 1735 1237 1792 subit,
1274 1751 1487 1786 sacrorum
1523 1738 1792 1786 ministerium
1827 1753 1914 1786 non
1951 1744 2148 1802 quattuor
2186 1739 2298 1787 Celei
2324 1740 2510 1797 filiabus,
2549 1756 2655 1806 quae
2699 1742 2777 1788 Ce-

251 1833 392 1864 rerem
429 1820 699 1878 exceperunt,
735 1820 787 1861 ut
824 1828 951 1876 supra
986 1810 1173 1860 v.109
1213 1817 1420 1869 narratur,
1458 1811 1604 1861 datum
1640 1827 1746 1868 csse,
1783 1812 1858 1860 sed
1893 1812 2027 1860 tribus
2065 1813 2163 1868 aliis,
2228 1829 2407 1878 quarum
2442 1815 2580 1862 nullae
2616 1815 2694 1863 hac
2731 1816 2773 1864 in

251 1905 301 1938 re
338 1895 479 1953 partes
515 1889 704 1943 fuerunt3
742 1893 786 1936 et
819 1887 1070 1936 Matthiaeus
1108 1886 1134 1932 l.
1174 1899 1210 1933 c.
1248 1893 1363 1934 reae
1400 1892 1584 1943 annotat,
1621 1893 1714 1934 tum
1749 1897 1896 1950 septem
1932 1887 2033 1933 filias
2058 1887 2184 1935 Celeo
2222 1904 2247 1934 a
2283 1893 2410 1952 poeta
2444 1896 2591 1936 nostro
2628 1889 2767 1943 tribui,

252 1963 373 2012 cuius
408 1963 469 2010 rei
504 1962 618 2011 nulla
654 1961 766 2025 apud
801 1966 964 2009 veteres
1001 1960 1223 2009 auctoritas
1260 1960 1325 2008 sit.
1382 1962 1432 2008 In
1485 1976 1571 2024 quo
1613 1962 1863 2009 Matthiaeus
1906 1976 2060 2007 novum
2121 1970 2416 2025 argumentum
2460 1964 2661 2009 invenisse
2699 1961 2775 2009 sibi

250 2038 427 2093 videtur,
463 2053 542 2085 nos
579 2036 687 2084 duos
724 2036 899 2100 hymnos
937 2034 1059 2099 plane
1094 2034 1276 2083 diversos
1313 2035 1356 2084 iu
1391 2049 1525 2085 unum
1562 2035 1865 2099 conglutinatos
1902 2034 2067 2081 habere.
2143 2037 2345 2084 Nostrum
2381 2043 2447 2083 est
2483 2038 2609 2100 igitur
2644 2037 2777 2101 inqui-

250 2128 361 2166 rere,
396 2128 500 2160 num
537 2127 600 2166 ea,
638 2127 747 2174 quae
782 2110 945 2157 videtur
981 2109 1174 2164 maxima,
1209 2109 1429 2158 difficultas
1465 2109 1579 2158 nulla
1615 2110 1692 2157 alia
1729 2110 1889 2157 ratione
1924 2109 2012 2156 tolli
2048 2111 2189 2173 possit.
2260 2111 2441 2174 Ilgenius
2480 2111 2647 2176 quidem
2682 2111 2778 2159 inde

255 2186 421 2247 colligit,
457 2191 650 2233 nostrum
686 2184 798 2231 hunc
834 2184 1033 2246 hymnum
1070 2198 1207 2246 neque
1244 2198 1342 2231 eum
1377 2199 1486 2237 esse,
1548 2198 1674 2246 quem
1728 2183 1951 2229 Pausanias
1996 2184 2230 2228 tractaverit
2279 2190 2324 2228 et
2370 2185 2642 2230 Homericum
2684 2200 2777 2230 esse

256 2259 490 2313 crediderit,
552 2274 690 2321 neque
726 2265 824 2321 post
859 2256 1101 2313 Pausaniae,
1121 2263 1300 2304 aetatem
1337 2274 1394 2305 ex
1437 2258 1676 2319 fragmentis
1727 2257 1794 2304 hic
1839 2256 1916 2302 illic
1961 2256 2139 2304 collectis
2196 2256 2538 2311 consarcinatum,
2577 2256 2651 2303 sed
2688 2257 2777 2321 ipso

254 2333 460 2380 Pausania
497 2333 767 2379 vetustiorem
804 2346 909 2385 esse,
947 2330 1060 2393 quod
1097 2330 1230 2377 oratio
1266 2331 1491 2377 Homerico
1530 2330 1669 2377 colore
1707 2329 1927 2393 splendens
1964 2330 2126 2393 prodat,
2172 2337 2217 2379 at
2252 2331 2477 2379 imitatione
2513 2331 2686 2394 Pamphi
2736 2338 2780 2378 et

254 2407 445 2462 Homeri,
482 2407 658 2453 sortasse
695 2406 820 2453 etiam
856 2405 1016 2452 Musaei
1051 2405 1248 2452 effictum.
1286 2404 1348 2451 Cf.
1385 2405 1503 2467 llgen
1539 2404 1677 2468 hymn.
1715 2404 1925 2451 Homeric.
1963 2421 2057 2468 pag.
2098 2404 2221 2453 501.
2259 2406 2497 2461 Videamus,
2535 2405 2633 2469 quid
2654 2403 2777 2451 nobis

257 2481 526 2548 statuendum
563 2481 628 2528 sit.
668 2481 856 2527 Primum
893 2495 956 2531 ea,
996 2495 1101 2544 quae
1139 2479 1331 2526 omnibus
1367 2480 1461 2537 viris
1499 2479 1631 2527 doctis
1669 2494 1811 2526 ansam
1848 2478 1960 2526 dedit
1984 2479 2261 2535 dubitationis,
2286 2480 2394 2528 inter
2416 2480 2582 2528 nomina
2602 2479 2778 2528 filiarum

257 2555 371 2602 Celei
408 2554 520 2618 apud
554 2554 800 2601 Pausaniam
837 2559 881 2600 et
917 2554 1151 2599 Homerum
1190 2554 1429 2607 differentia,
1466 2569 1552 2601 non
1587 2553 1749 2600 videtur
1787 2568 1879 2599 esse
1902 2554 2004 2600 tanti
2041 2554 2254 2610 momenti,
2291 2561 2340 2601 ut
2362 2555 2525 2617 gravius
2563 2554 2662 2619 quid
2680 2553 2774 2600 inde

255 2629 392 2690 colligi
429 2628 574 2692 possit.
609 2630 676 2675 De
711 2628 791 2675 hac
826 2644 875 2674 re
912 2627 1160 2691 vel-omnes
1192 2628 1473 2682 commanet,
1510 2643 1641 2691 quu-
1677 2634 1915 2690 quaer-amr,
1951 2634 2095 2675 utrum
2130 2627 2196 2675 liic
2231 2627 2409 2691 hynmua
2445 2626 2692 2676 Homericus
2727 2627 2779 2676 sit

254 2717 402 2758 necne,
433 2718 520 2750 non
547 2702 590 2750 in
613 2717 678 2758 eo,
707 2702 821 2766 quod
842 2701 955 2766 apud
979 2700 1224 2748 Pausaniam
1249 2701 1766 2749 muhammathaliter
1789 2701 1993 2763 legantur,
2014 2702 2374 2765 quaminliymo
2406 2708 2567 2757 nostro,
2603 2701 2776 2750 herm·

256 2776 360 2825 dum
395 2791 505 2832 esse,
543 2776 619 2825 sed
654 2776 735 2825 hoc
771 2777 909 2841 potius
945 2775 1250 2840 inquii-eadm,
1285 2783 1431 2826 utrum
1467 2782 1584 2823 totns
1621 2776 1750 2829 color,
1790 2776 1925 2831 dictio,
1959 2777 2151 2824 tractatio
2187 2777 2230 2824 in
2249 2776 2488 2824 universum
2510 2774 2776 2824 Homericam

254 2850 437 2898 indolem
477 2849 664 2898 redoleat
689 2866 829 2899 necne.
902 2851 1188 2935 Disce-epam
1242 2851 1323 2899 ista
1362 2867 1493 2915 quun
1539 2850 1654 2899 facile
1717 2851 1868 2898 exoriri
1914 2852 2098 2915 potuerit
2142 2858 2216 2899 aut
2251 2852 2454 2900 Pausania
2488 2850 2657 2899 nomine
2690 2865 2776 2898 non

254 2931 449 2974 accurate
484 2924 684 2974 memoria
720 2931 889 2974 tenente
923 2932 998 2976 aut
1033 2925 1131 2992 ipsis
1167 2924 1401 2977 nomimbua
1439 2941 1515 2992 per
1549 2924 1686 2977 varios
1706 2940 1839 2982 casus,
1876 2941 1983 2993 quos
2020 2925 2194 2992 hymnos
2231 2926 2478 2977 Homericos
2503 2924 2677 2978 abibae
2699 2939 2776 2972 no·

323 3139 363 3185 ⁶)
394 3139 501 3176 Nitor
523 3139 766 3177 nuh-henin-
790 3141 894 3177 etiam
918 3140 963 3177 de
987 3140 1139 3178 Hecatae
1162 3142 1338 3191 legatione
1358 3141 1571 3179 mentionem
1594 3141 1733 3185 tecuae,
1776 3141 1821 3177 de
1846 3151 1915 3189 qua
1946 3139 2031 3178 nihil
2062 3141 2099 3178 in
2130 3141 2259 3186 hymno
2295 3146 2418 3179 nomo
2450 3141 2597 3186 reperio.
2644 3139 2775 3178 Hecate

395 3195 535 3243 quidem
559 3196 696 3230 accedit
719 3197 764 3231 ad
788 3196 952 3233 Cererem
977 3197 1122 3243 eiusque
1146 3197 1250 3233 filiam
1273 3198 1327 3242 (v.
1350 3195 1424 3232 438
1447 3198 1552 3244 ειη),
1576 3198 1638 3232 aed
1662 3208 1732 3233 non
1757 3199 1859 3233 mina
1883 3202 1946 3232 eat.
1972 3195 2133 3233 Ceterum
2146 3196 2258 3234 obiter
2280 3207 2450 3241 moneam,
2474 3207 2531 3234 me
2547 3195 2649 3230 etiam
2663 3193 2776 3237 lectis,

394 3262 486 3298 qaae
509 3253 545 3288 in
570 3251 663 3288 banc
686 3262 760 3289 rem
783 3252 941 3289 &erum
964 3254 1009 3300 3.
1031 3253 1081 3300 ,9.
1104 3253 1193 3299 ”ab
1222 3253 1480 3302 Cumaea
1517 3263 1551 3298 p.
1576 3251 1657 3296 125,
1697 3251 1768 3289 12⁶
1792 3258 1828 3288 et
1849 3252 1949 3298 ngen
1979 3263 2013 3298 p.
2044 3252 2112 3288 58¹
2146 3252 2250 3290 valde
2275 3252 2443 3296 dubitare,
2480 3251 2563 3299 quin
2587 3249 2624 3286 hi
2653 3259 2774 3285 verena

395 3317 431 3343 v.
452 3305 648 3344 438-440
670 3308 815 3355 genuini
837 3309 916 3345 aiat.
939 3308 1150 3355 later-prete·
1174 3308 1266 3344 enh
1288 3309 1416 3353 dicam,
1440 3308 1605 3356 quiaquia
1627 3309 1749 3353 velim,
1791 3310 1913 3344 niman
1936 3308 2018 3357 quid
2041 3314 2077 3344 et
2098 3319 2240 3355 prere·
2263 3309 2535 3353 ianqeetaa-
2559 3304 2664 3340 hebet
2686 3305 2774 3340 haee

394 3360 712 3454 Hecataeatgentio,
737 3373 807 3456 quaa
830 3374 869 3398 re
892 3365 1006 3409 potius
1030 3374 1111 3401 eum
1132 3362 1400 3401 uit-cherucum
1424 3364 1488 3403 hoe
1513 3376 1635 3403 verena
1660 3365 1847 3402 eiiciendoe
1872 3376 1950 3402 eene
1973 3367 2176 3413 putaverim.
2199 3365 2288 3401 Satis
2301 3369 2378 3401 erat
2398 3373 2462 3410 pro
2481 3361 2625 3400 coa-ilio
2647 3365 2774 3409 poetae

395 3425 475 3454 ean
498 3427 532 3453 v.
627 3423 663 3456 et
685 3429 720 3454 v.
746 3418 768 3454 5
817 3419 1020 3468 memorem]
