2985 3651
1311 141 1635 189 —5-

212 295 450 351 recepturas
475 300 580 340 esse,
606 285 757 348 quippe
782 287 898 332 cuius
924 286 1054 332 forma
1079 285 1180 332 deae
1206 284 1342 330 similis
1367 285 1433 330 sit.
1480 283 1671 345 Denique
1697 298 1788 327 eam
1812 284 1964 338 invitat,
2016 291 2063 329 ut
2089 299 2230 330 secum
2273 286 2441 332 domum
2478 288 2604 348 patris
2638 296 2720 341 eat,

213 379 258 410 se
283 379 308 409 a
331 360 532 409 Metanira
567 366 700 407 matre
725 361 1054 423 petituras.esse‚
1077 366 1126 407 ut
1151 376 1242 406 eam
1274 358 1385 407 domi
1420 372 1588 404 manere
1621 357 1798 419 patiatur
1842 359 2091 421 fratremque
2126 360 2338 421 parvulum
2376 361 2412 407 ei
2457 362 2718 410 educandum

212 437 359 483 tradat.
421 433 547 482 Ceres
569 432 711 482 annuit
748 441 791 481 et
815 452 910 482 cum
935 434 1078 503 puellis
1115 434 1284 482 domum
1309 432 1456 496 pergit.
1505 433 1609 480 Mox
1653 432 1744 478 illae
1767 448 1792 478 a
1815 438 1946 480 matre
1970 434 2104 481 iussae
2141 434 2193 482 ad
2217 449 2354 489 anum,
2403 452 2529 498 quam
2563 436 2602 483 in
2655 437 2718 484 via

212 509 475 572 reliquerant,
497 508 734 556 festinanter
757 515 1024 556 revertuntur
1061 524 1234 572 eamque
1259 507 1312 555 ad
1335 513 1525 561 matrem,
1551 521 1658 569 quae
1682 521 1859 569 puerum
1884 508 2039 569 gremio
2075 508 2216 555 fovens
2254 508 2295 555 in
2330 510 2489 572 porticu
2535 510 2719 565 sedebat,

212 585 389 631 ducunt:
415 583 569 644 ingenti
592 591 731 631 autem
755 591 871 631 metu
902 584 969 630 illa
997 583 1156 646 capitur
1179 598 1233 629 ex
1258 582 1477 645 splendore
1501 581 1647 635 divino,
1674 596 1758 644 quo
1783 581 1891 627 sores
1917 582 2054 629 lucent
2079 583 2155 629 dea
2180 582 2302 629 limen
2327 583 2501 630 intrante
2527 586 2579 648 (v.
2614 584 2716 632 145

221 658 426 720 —195).
452 657 593 705 Iambe
618 660 759 705 sellam
782 659 818 704 ei
844 659 1046 721 apposuit,
1073 659 1113 704 in
1138 674 1221 721 qua
1246 658 1317 703 diu
1340 656 1463 703 tacita
1488 656 1619 718 capite
1646 655 1842 702 obvoluto
1869 657 2050 711 sedehat,
2078 658 2239 719 penitus
2266 658 2374 704 enim
2401 659 2518 706 dolor
2545 660 2721 706 amissae

212 732 318 780 filiae
343 747 391 779 ac
416 733 662 779 desiderium
686 734 821 780 animo
845 734 1020 780 infixum
1044 728 1253 779 haerebat.
1279 732 1463 778 Tandem
1487 730 1628 777 Iambe
1665 731 1794 776 multa
1832 731 1997 777 dicteria
2032 732 2225 795 iocosque
2250 733 2419 779 iaciente
2453 750 2535 780 non
2570 736 2720 797 potuit,

213 805 312 868 quin
337 806 636 853 exhilararetur
660 813 890 871 potumque
914 807 1029 853 iussu
1052 807 1177 869 ipsius
1203 822 1227 853 e
1253 807 1378 853 farina
1403 811 1446 852 et
1470 820 1576 868 aqua
1597 805 1778 869 ⁵mixtum
1804 820 1828 851 a
1858 807 2058 852 Metanira
2082 808 2295 868 acciperet,
2323 823 2430 870 quae
2454 810 2562 855 omni
2588 810 2716 856 modo

213 897 304 926 eam
329 880 529 927 consolari
555 881 695 928 studet
720 881 838 945 eique
864 897 1037 945 puerum
1064 880 1322 927 educandum
1344 880 1469 926 tradit
1493 895 1643 941 magno
1670 879 1852 942 praemio
1877 880 2092 943 promisso.
2153 882 2242 927 Dea
2269 883 2416 937 omnia,
2456 899 2561 945 quae
2588 899 2718 946 puero

212 970 363 1002 nocere
389 956 559 1019 possint,
586 971 630 1002 se
656 955 708 1003 ab
735 972 785 1003 eo
811 957 1100 1019 propulsuram
1126 970 1218 1002 esse
1254 954 1468 1017 pollicetur
1492 961 1535 1000 et
1560 955 1893 1017 Demophontem
1927 955 2193 1002 nutriendum
2237 957 2393 1019 accipit,
2446 958 2514 1020 qui
2550 958 2719 1004 mirifice

212 1030 357 1077 crescit
383 1046 406 1077 a
432 1031 508 1078 dea
533 1037 713 1078 curatus.
747 1032 833 1078 Sed
858 1032 973 1077 ecce!
998 1030 1128 1077 divina
1165 1029 1306 1077 nutrix
1331 1045 1460 1092 quum
1486 1044 1660 1092 puerum
1685 1036 1825 1084 noctu,
1851 1036 1900 1075 ut
1937 1030 2176 1076 immortalis
2203 1032 2335 1086 fieret,
2352 1032 2456 1077 clam
2481 1032 2719 1094 parentibus

212 1104 291 1164 igni
331 1104 528 1151 obrueret
552 1111 595 1150 et
620 1112 795 1152 matrem
821 1105 1028 1166 quondam
1054 1105 1094 1152 id
1120 1104 1406 1150 observantem
1429 1104 1655 1148 miserrime
1687 1103 1741 1147 ob
1767 1104 1847 1148 hoc
1883 1105 2088 1165 inceptum
2115 1106 2332 1150 eiulantem
2358 1106 2551 1160 audisset,
2591 1108 2719 1152 filium

212 1178 293 1239 igni
319 1185 508 1241 ereptum
533 1178 575 1224 in
599 1185 753 1225 terram
777 1179 944 1241 deponit
969 1184 1012 1223 et
1038 1178 1214 1239 graviter
1236 1177 1480 1223 Metaniram
1506 1176 1561 1222 ob
1582 1176 1790 1222 stultitiam
1817 1177 2122 1238 reprehendens
2148 1179 2399 1231 vaticinatur,
2426 1195 2588 1241 semper
2608 1181 2714 1225 bella

210 1269 320 1297 nunc
345 1261 388 1297 et
414 1268 573 1313 pugnas
597 1253 813 1298 Eleusiniis
840 1254 927 1297 sore
952 1251 1007 1297 ob
1032 1252 1257 1297 Metanirae
1282 1251 1516 1297 stultitiam:
1543 1250 1663 1295 simul
1689 1249 1885 1296 Cererem
1911 1267 1955 1296 se
1978 1267 2068 1296 csse
2095 1253 2332 1312 pronuntiat
2371 1260 2413 1298 et
2446 1254 2631 1314 imperat,
2671 1261 2720 1299 ut

211 1325 341 1371 omnis
367 1326 545 1388 populus
569 1326 769 1388 templum
808 1325 882 1371 sibi
908 1332 1109 1379 exstruat,
1136 1341 1181 1371 se
1219 1325 1348 1388 ipsam
1376 1324 1490 1386 orgia
1514 1324 1794 1370 instituturam
1819 1340 1910 1370 esse
1935 1325 1987 1371 ad
2027 1325 2127 1371 iram
2166 1341 2283 1371 suam
2311 1327 2559 1389 placandam.
2596 1328 2719 1382 Quae

212 1416 341 1461 quum
366 1400 548 1454 dixisset,
587 1400 713 1445 Ceres
739 1400 877 1446 subito
914 1400 989 1445 dea
1015 1416 1068 1445 ex
1095 1415 1176 1444 anu
1203 1400 1306 1444 sacta
1332 1406 1408 1453 est,
1435 1414 1662 1461 omnesque
1697 1398 1767 1460 qui
1793 1399 1975 1452 aderant,
2009 1400 2163 1460 ingenti
2202 1401 2419 1463 capiuntur
2457 1408 2628 1463 stupore
2664 1402 2720 1447 ob

209 1475 551 1536 pulchritudinem
567 1475 654 1521 eius
679 1475 983 1536 maiestatisque
1008 1475 1281 1536 splendorem,
1305 1489 1441 1536 neque
1464 1474 1677 1528 Metanira,
1703 1489 1832 1535 quum
1858 1474 1933 1519 dea
1959 1474 2038 1519 iam
2064 1474 2229 1528 exisset,
2256 1491 2399 1521 vocem
2425 1476 2548 1521 edere
2568 1484 2718 1538 potest,

208 1556 250 1595 et
278 1565 406 1611 quum
433 1549 537 1595 filiae
564 1564 740 1610 puerum
765 1550 921 1609 gremio
947 1550 1129 1595 foventes
1154 1548 1317 1595 dolores
1362 1548 1449 1594 eius
1475 1547 1723 1608 laboresque
1756 1548 1941 1609 mitigare
1976 1564 2059 1595 non
2100 1555 2286 1610 possunt,
2332 1562 2583 1611 magnopere
2610 1551 2715 1597 desi-

209 1623 376 1670 deratur
403 1622 455 1669 ab
482 1639 532 1670 eo
559 1623 698 1669 nutrix
732 1623 863 1671 divina
889 1623 940 1685 (v.
974 1622 1222 1669 195-29
1231 1621 1293 1683 3).
1318 1622 1451 1668 Nocte
1476 1622 1577 1669 deae
1602 1622 1703 1667 iram
1726 1622 1887 1683 placare
1912 1629 2126 1669 conantur.
2159 1623 2269 1669 Tum
2295 1623 2443 1670 Celeus
2471 1624 2599 1686 prima
2625 1625 2717 1671 luce

207 1697 258 1744 de
284 1698 393 1743 omni
420 1714 465 1743 re
491 1697 641 1743 certior
666 1698 796 1743 sactus
823 1697 1020 1759 populum
1046 1696 1247 1758 templum
1273 1696 1415 1742 Cereri
1450 1702 1667 1742 exstruere
1705 1696 1835 1749 iussit,
1880 1696 1920 1743 id
1954 1697 2066 1758 quod
2100 1697 2212 1742 brevi
2247 1704 2434 1759 tempore
2469 1699 2619 1744 sactum
2655 1706 2719 1745 est

211 1773 262 1831 (v.
291 1769 615 1832 293—302).
642 1770 702 1816 Ibi
728 1771 912 1818 consedit
938 1771 1063 1816 Ceres
1090 1770 1260 1816 seorsim
1285 1770 1337 1815 ab
1364 1769 1553 1816 omnibus
1591 1770 1678 1823 diis,
1713 1770 1866 1831 ingenti
1892 1771 2052 1816 tristitia
2087 1786 2135 1816 ac
2167 1771 2367 1817 desiderio
2406 1773 2510 1817 filiae
2545 1773 2717 1818 dilectis-

207 1846 331 1892 simae
367 1853 498 1908 capta.
561 1847 628 1892 Ira
664 1852 802 1892 autem
829 1845 1058 1908 inexpiabili
1098 1852 1241 1891 contra
1278 1844 1503 1892 humanum
1537 1860 1668 1906 genus
1699 1844 1861 1891 incensa
1900 1845 2045 1900 effecit,
2078 1852 2124 1891 ut
2156 1852 2266 1891 terra
2299 1846 2378 1892 hoc
2415 1862 2521 1892 anno
2558 1847 2717 1893 nullum

209 1935 352 1966 semen
390 1920 655 1982 progigneret
692 1935 827 1982 neque
866 1920 1049 1966 homines
1076 1921 1232 1965 fructus
1268 1920 1478 1982 percipere
1503 1926 1684 1982 possent.
1735 1921 1873 1965 Iovem
1907 1920 2072 1965 tandem
2108 1920 2274 1965 miseret
2299 1921 2457 1981 generis
2482 1922 2718 1966 mortalium

205 1999 317 2039 tanta
343 1994 570 2040 calamitate
595 1994 732 2040 obruti
759 1996 937 2056 Irimque
978 1995 1029 2039 ad
1056 1994 1249 2038 Cererem
1275 1994 1410 2047 mittit,
1444 2000 1493 2039 ut
1527 2008 1618 2039 eam
1652 1994 1706 2038 ad
1744 2008 1788 2038 se
1814 1994 2068 2054 deorumque
2094 1995 2305 2038 concilium
2340 2001 2532 2039 arcessat.
2586 1995 2716 2039 Ceres

204 2083 338 2130 neque
376 2068 452 2114 hac
488 2084 566 2114 nec
601 2085 706 2132 quae
741 2069 1033 2131 sequebantur,
1073 2068 1246 2114 deorum
1288 2068 1441 2113 crebris
1480 2068 1749 2128 legationibus
1793 2069 2038 2113 commoveri
2085 2074 2232 2129 potest,
2271 2074 2319 2113 ut
2363 2070 2422 2113 ira
2460 2070 2619 2133 placata
2667 2071 2720 2115 ad

205 2143 429 2205 Olympum
446 2143 591 2197 veniat,
618 2150 660 2189 et
680 2144 809 2189 donec
836 2144 961 2189 oculis
989 2143 1071 2188 suis
1099 2143 1222 2188 filiam
1248 2142 1393 2198 videat,
1418 2144 1504 2188 sore
1530 2149 1577 2189 ut
1602 2142 1788 2189 homines
1814 2144 1976 2204 frugum
2004 2143 2230 2187 calamitate
2265 2143 2511 2205 affligantur,
2540 2145 2719 2190 minatur

210 2225 260 2282 (v.
291 2217 396 2263 304
416 2247 459 2253 -
479 2217 617 2280 335).
2429 2279 2431 2282 ι

352 2294 478 2346 Quod
503 2294 874 2354 quumaudivisset
893 2294 1059 2355 Iupiter,
1085 2294 1335 2338 Mercurium
1360 2293 1483 2337 mittit
1504 2294 1557 2339 ad
1582 2294 1812 2344 Plutonem,
1839 2301 1884 2336 ut
1911 2293 2199 2353 Proserpinam
2225 2292 2278 2338 ab
2303 2294 2438 2339 inseris
2465 2294 2517 2339 ad
2543 2301 2718 2339 matrem

205 2368 337 2413 redire
363 2375 588 2429 pateretur.
613 2370 699 2413 Nec
724 2369 875 2413 Pluton
901 2385 1028 2430 quum
1055 2369 1216 2429 quantis
1243 2368 1537 2413 calamitatibus
1563 2368 1700 2413 obruti
1726 2373 1862 2412 essent
1887 2367 2083 2420 homines,
2120 2369 2401 2429 comperisset,
2439 2369 2523 2414 Iovi
2550 2368 2718 2413 obedire

203 2443 405 2488 recusarit
430 2450 472 2488 et
497 2443 785 2504 Proserpinam
808 2444 947 2488 leviter
967 2443 1021 2489 ob
1048 2443 1250 2488 tristitiam
1275 2458 1591 2504 moeroremque
1616 2443 1825 2502 increpans
1851 2442 2017 2486 remisit.
2056 2443 2196 2487 Puella
2214 2459 2362 2504 magna
2389 2444 2537 2488 laetitia
2560 2444 2615 2488 ob
2637 2444 2713 2488 hoc

203 2516 386 2570 effertur,
424 2517 565 2562 dolum
591 2517 723 2562 mariti
748 2517 954 2577 ignorans,
981 2534 1064 2580 quo
1091 2517 1181 2562 mali
1209 2532 1338 2579 grano
1364 2523 1530 2578 gustato
1556 2517 1709 2562 reditus
1747 2516 1967 2560 necessitas
2003 2516 2077 2577 ipsi
2115 2517 2306 2578 imposita
2345 2524 2409 2562 est
2452 2518 2503 2578 (v.
2532 2516 2707 2561 3235-

206 2588 341 2651 378).
399 2591 628 2637 Mercurius
653 2598 695 2636 et
721 2592 966 2654 Proserpina
992 2608 1116 2637 curru
1143 2607 1267 2654 supra
1291 2598 1424 2637 terras
1449 2592 1656 2653 mariaque
1680 2590 1732 2636 ad
1763 2590 1908 2635 aedem
1934 2590 2096 2636 Cereris
2123 2591 2328 2637 vehuntur
2365 2607 2594 2653 magnaque
2620 2607 2713 2635 cum

203 2664 351 2711 laetitia
387 2667 633 2727 Proserpina
659 2683 682 2712 a
708 2674 838 2711 matre
865 2667 1078 2729 excipitur.
1106 2667 1258 2712 Animo
1283 2673 1423 2712 autem
1449 2665 1706 2728 praesagiens
1732 2665 1856 2711 filiam
1882 2666 2110 2726 gustavisse
2144 2666 2279 2711 cibum
2318 2684 2340 2712 a
2368 2668 2542 2711 Plutone
2567 2665 2709 2710 datum

204 2738 238 2784 ei
263 2739 407 2800 aperit,
432 2756 506 2801 per
543 2740 645 2787 duas
671 2747 831 2787 tantum
856 2741 949 2787 anni
987 2748 1124 2803 partes
1150 2742 1316 2787 ineunte
1352 2756 1448 2787 vere
1480 2740 1515 2786 ei
1541 2740 1662 2785 licere
1687 2739 1816 2786 vitam·
1855 2740 1966 2802 apud
2005 2756 2049 2786 se
2085 2740 2250 2801 degere,
2291 2740 2432 2786 deinde
2471 2739 2522 2785 ad
2559 2740 2709 2785 inferos

203 2813 344 2860 redeat
367 2829 535 2861 necesse
572 2830 678 2861 esse.
728 2816 856 2861 Simul
883 2815 933 2861 ab
960 2831 1009 2861 ea
1035 2816 1207 2878 quaerit,
1234 2832 1317 2878 quo
1356 2815 1450 2861 dolo
1487 2815 1611 2861 Pluto
1636 2829 1727 2861 eam
1755 2814 1974 2877 deceperit.
2013 2816 2145 2870 Quod
2184 2830 2311 2876 quum
2336 2815 2399 2859 illa
2425 2814 2607 2867 dixisset,
2647 2813 2710 2859 lu·

202 2888 386 2935 culenter
409 2906 456 2935 ac
480 2890 644 2952 copiose
669 2891 851 2953 exponit,
878 2890 946 2952 qui
971 2891 1122 2936 factum
1149 2890 1213 2943 sit,
1238 2897 1287 2936 ut
1311 2907 1335 2936 a
1355 2891 1530 2935 Plutone
1555 2896 1774 2952 raperetur
1799 2891 1922 2936 ssores
1948 2891 1988 2936 in
2014 2897 2132 2951 prato
2158 2904 2339 2950 carpens,
2375 2889 2535 2934 Deinde
2562 2888 2708 2934 ambae

202 2970 244 3007 et
270 2971 400 3009 mater
436 2971 479 3011 et
504 2965 584 3010 filia
609 2964 758 3026 gaudio
783 2965 1037 3027 laetitiaeque
1061 2964 1285 3026 indulgent,
1312 2980 1435 3025 quam
1460 2980 1514 3011 ex
1540 2964 1741 3012 desiderio
1767 2965 1982 3027 utriusque
2008 2965 2173 3026 expleto
2200 2968 2481 3024 perceperant.
2517 2963 2708 3024 [Accedit

201 3036 359 3084 Hecate
384 3039 507 3085 filiam
531 3039 692 3086 Cereris
735 3039 973 3087 amicissime
998 3038 1185 3101 amplexa
1211 3039 1263 3101 (v.
1299 3036 1644 3102 378-441)].
1721 3040 1830 3086 Tum
1875 3039 2030 3102 Iupiter
2067 3039 2222 3084 Rheam
2262 3036 2375 3083 iubet
2423 3037 2620 3083 Cererem
2658 3037 2712 3083 ad

202 3111 375 3160 deorum
400 3115 613 3161 concilium
651 3115 802 3161 ducere
827 3115 947 3176 eique
972 3116 1095 3161 filiam
1132 3114 1233 3160 duas
1271 3113 1363 3159 anni
1400 3121 1538 3176 partes
1578 3115 1688 3177 apud
1726 3115 1827 3163 deos
1865 3129 2035 3176 superos
2077 3118 2422 3158 commoraturam
2461 3128 2552 3158 esse
2592 3112 2711 3174 polli-

201 3188 295 3234 ceri.
333 3187 448 3234 Rhea
473 3188 608 3234 statim
634 3189 685 3235 ad
724 3189 919 3236 Cererem
959 3189 1225 3251 proficiscitur
1263 3194 1305 3235 et
1343 3194 1562 3251 postquam
1600 3190 1641 3237 in
1666 3205 1768 3251 agro
1791 3190 1942 3237 Rhario
1963 3195 2059 3232 tunc
2096 3186 2292 3249 temporis
2319 3187 2481 3232 minime
2519 3188 2724 3241 secundo,

201 3261 362 3309 Cereris
401 3262 501 3309 iram
539 3262 619 3309 iam
645 3262 844 3326 placatam
870 3280 961 3310 esse
999 3265 1133 3327 animo
1170 3263 1442 3327 praesagiens,
1481 3279 1624 3313 semen
1646 3264 1869 3318 abscondit,
1907 3262 1958 3308 ad
1978 3262 2173 3308 Cererem
2201 3263 2321 3316 venit,
2359 3262 2425 3308 cui
2453 3263 2560 3310 lovis
2596 3278 2711 3309 man·

200 3336 295 3384 data
332 3337 473 3401 aperit,
500 3337 618 3384 simul
656 3353 747 3385 eam
773 3338 1010 3395 admonens,
1035 3346 1082 3386 ut
1108 3346 1260 3386 terram
1285 3338 1518 3390 hominibus
1556 3340 1713 3391 [ructus
1738 3337 1983 3403 progignere
2008 3337 2111 3384 sinat
2137 3336 2189 3399 (v.
2220 3336 2559 3402 '441—470).
2620 3338 2707 3384 Nec
