2985 3651
1310 146 1669 198 -13—

231 300 368 362 hymn.
406 298 448 346 in
473 298 614 345 Cerer.
653 313 689 343 v.
732 295 797 343 59
840 294 1038 342 memoria
1077 298 1288 340 tenentem
1324 292 1420 339 inde
1457 291 1695 354 sumpsisse,
1734 306 1841 354 quae
1865 291 1907 337 h.
1932 287 1959 337 l.
1999 288 2051 338 de
2089 289 2242 339 Cerere
2267 292 2377 339 sores
2403 292 2583 339 intrante
2608 293 2743 341 dican·

231 383 301 421 tur
340 374 520 421 adhibito
540 373 666 419 etiam
704 388 742 417 v.
784 370 888 416 279
932 386 1021 431 sqq.
1059 368 1112 415 ad
1149 367 1423 430 splendorem.
1449 367 1552 414 deae
1576 366 1902 414 describendum.
1942 366 2081 421 Quam
2115 366 2170 413 ob
2203 384 2291 414 rem
2331 383 2368 415 ν.
2416 367 2516 415 188
2564 369 2744 417 scriben-

230 450 330 495 dum
356 464 447 493 esse
470 454 635 493 censet:
674 448 707 511 η’
752 444 792 494 δ’
818 445 893 512 ἄρ’
927 444 999 492 ἐπ’
1034 443 1193 491 οὐδὸν
1226 445 1312 508 ἔβη
1348 442 1472 490 ποσὶ
1508 450 1661 509 γραῖα
1697 446 1805 509 (pro
1838 443 1925 490 καί
1960 445 2049 507 ῥα)
2083 440 2346 509 μελάθρου
2373 453 2416 490 et
2432 444 2608 490 conferri
2631 446 2744 491 iubet

231 523 314 569 Od.
353 524 426 575 lv,
469 522 572 568 716
615 539 705 586 sqq.
769 524 828 569 At
853 523 1138 569 desiderantur
1162 528 1419 582 argumenta,
1458 520 1608 583 quibus
1633 520 1735 567 haec
1768 521 1904 584 opinio
1942 521 2175 565 confirmari
2223 524 2361 582 possit.
2414 522 2594 566 Tantum
2637 522 2746 566 enim

231 598 361 651 abest,
387 604 435 643 ut
469 613 576 659 quae
622 599 741 644 affert
772 599 838 644 ille
868 603 1124 658 argumenta,
1163 595 1209 642 iis
1253 596 1405 657 aliquid
1438 596 1650 648 efficiatur,
1691 602 1740 641 ut
1794 596 1840 643 iis
1887 596 1997 657 ipsis,
2042 596 2268 642 dummodo
2312 598 2415 643 bene
2457 594 2748 657 percipiantur,

232 671 483 718 contrarium
513 687 562 717 ac
593 672 707 734 quod
743 673 809 718 ille
843 672 931 717 vult
970 671 1290 717 demonstretur.
1342 669 1567 724 Quomodo
1613 669 1719 717 enim
1760 674 1882 732 potita
1922 670 2056 716 dicere
2096 670 2225 732 possit
2264 688 2300 717 v.
2349 670 2447 717 190
2494 669 2592 734 τὴν
2626 669 2748 719 δἀί-

234 743 336 803 δὼς
369 763 423 792 τε
462 747 614 805 σέβας
648 759 708 793 τε
739 745 815 793 ἰδὲ
852 745 1043 810 χλωρὸν
1078 745 1194 802 δέος
1230 741 1360 790 εἶλεν
1400 761 1435 790 v.
1485 744 1584 790 189
1624 743 1790 791 eiecto?
1827 745 1951 791 Certe
1989 761 2110 798 anus,
2146 746 2331 807 quamvis
2365 745 2430 792 illa
2457 746 2750 802 θεοείκελος

234 821 284 866 sit
320 820 384 882 (cs.
423 836 458 865 v.
501 820 635 883 159),
670 828 825 866 tantam
878 820 918 865 in
969 818 1193 866 Metanirae
1235 820 1415 865 animum
1460 818 1539 863 vim
1577 834 1774 865 exercere
1818 836 1902 866 non
1946 819 2092 881 potuit,
2135 825 2182 864 ut
2231 822 2440 881 pallidum
2485 824 2670 870 timorem
2712 825 2750 870 ei

232 896 423 941 iniiceret.
464 895 523 941 Cf.
560 912 668 957 quae
702 897 796 942 dicit
828 896 1027 941 Metanira
1065 912 1100 941 v.
1138 895 1243 941 214
1293 910 1383 955 sqq.
1453 894 1536 948 Qui
1570 910 1666 940 vero
1715 911 1751 941 v.
1803 895 1906 941 276
1949 910 2039 956 sqq.
2074 910 2168 940 cum
2211 910 2247 940 v.
2294 896 2392 942 189
2442 900 2750 960 comparaverit,

233 971 265 1017 is
304 985 626 1031 magnumesse
662 971 878 1018 discrimen
912 971 1017 1016 inter
1054 971 1158 1017 hanc
1192 975 1235 1015 et
1266 968 1374 1016 illam
1409 968 1511 1016 deae
1545 968 1857 1031 descriptionem
1892 968 2053 1016 videbit.
2106 970 2213 1016 Infra
2258 970 2364 1017 enim
2398 987 2523 1032 quam
2570 974 2750 1035 copiose,

233 1060 357 1108 quam
398 1051 580 1098 venuste,
625 1062 750 1108 quam
785 1052 929 1090 ornate
966 1045 1100 1090 omnia
1133 1045 1421 1106 exponuntur!
1456 1044 1497 1091 id
1541 1045 1648 1090 enim
1694 1045 1777 1106 egit
1823 1050 1959 1107 potita,
2007 1052 2053 1090 ut
2089 1045 2247 1091 exitum
2304 1046 2404 1092 deae
2445 1063 2570 1108 quam
2614 1049 2751 1111 splen·

235 1118 485 1165 didissimum
510 1120 726 1172 «redderet,
762 1119 834 1164 scd
871 1125 1014 1164 nostro
1050 1119 1140 1164 loco
1183 1117 1317 1163 obiter
1364 1124 1525 1164 tantum
1570 1134 1617 1163 ac
1651 1118 1843 1164 brevibus
1882 1118 2015 1164 verbis
2051 1118 2246 1180 splendor
2282 1126 2408 1182 atque
2443 1121 2633 1167 maiestas
2671 1122 2750 1167 Ce-

234 1194 335 1239 reris
372 1193 572 1246 intrantis,
624 1210 731 1255 quae
769 1209 871 1238 anus
907 1194 1078 1238 sormam
1115 1193 1300 1238 nondum
1334 1199 1521 1246 exuerat,
1555 1192 1810 1239 describitur.
1862 1194 1947 1237 lam
1982 1193 2096 1254 quod
2136 1193 2277 1238 Iambe
2315 1195 2572 1240 nihilominus
2605 1197 2754 1244 misere

234 1269 422 1313 afflictam
461 1268 611 1313 facetiis
638 1269 721 1314 suis
748 1268 928 1329 iocisque
968 1268 1195 1312 exhilarare
1234 1267 1387 1320 studet,
1419 1267 1515 1312 nihil
1548 1273 1625 1320 est,
1661 1268 1775 1329 quod
1800 1267 1971 1321 mireris,
2024 1267 2285 1329 splendorem
2327 1269 2436 1314 enim
2470 1276 2597 1331 atque
2633 1272 2755 1318 maie-

236 1350 384 1388 statem
421 1342 592 1388 divinam
623 1359 705 1389 non
741 1343 972 1404 conspicata
999 1343 1049 1403 (v.
1094 1342 1195 1388 190
1234 1344 1322 1387 sola
1354 1342 1555 1387 Metanira
1589 1343 1742 1403 ingenti
1788 1343 1934 1388 timore
1978 1342 2082 1387 affici
2138 1343 2299 1403 dicitur)
2351 1359 2476 1390 anum
2514 1345 2674 1391 tristem
2713 1354 2756 1393 ct

237 1432 383 1476 magna
422 1417 648 1462 calamitate
675 1418 867 1462 obrutam
901 1418 1051 1477 alloqui
1103 1417 1176 1461 sibi
1222 1416 1393 1461 videtur.
1446 1417 1641 1463 Ceterum
1682 1416 2085 1462 animadvertendum
2140 1423 2215 1469 est,
2263 1433 2371 1477 quae
2415 1419 2479 1463 hic
2523 1419 2575 1463 de
2621 1421 2755 1480 splen-

237 1492 337 1536 dore
374 1490 473 1535 deac
513 1491 723 1544 dicuntur,
772 1507 819 1536 ea
864 1491 915 1535 ad
959 1491 1077 1536 dcam
1120 1492 1242 1537 limen
1279 1492 1501 1536 intrantem
1535 1490 1748 1536 reserenda
1785 1505 1861 1536 nec
1900 1490 2151 1535 credendum
2189 1505 2292 1543 esse,
2333 1491 2593 1553 splendorem
2644 1494 2755 1540 illum

237 1573 362 1626 atque
388 1565 640 1610 maiestatem
667 1566 837 1610 divinam
873 1566 995 1610 etiam
1022 1565 1190 1610 sedente
1225 1565 1301 1610 dea
1337 1565 1515 1625 agnosci,
1554 1565 1737 1610 videmus
1784 1565 1891 1610 enim
1936 1565 2012 1609 dea
2052 1565 2219 1609 sedente
2254 1566 2498 1611 Metaniram
2549 1567 2754 1622 timorem,

240 1656 323 1700 quo
360 1645 479 1683 antea
522 1640 736 1700 perterrita
773 1645 873 1689 erat,
910 1639 1102 1683 abiecisse
1137 1645 1179 1682 et
1217 1638 1257 1682 in
1291 1654 1373 1682 anu
1417 1655 1501 1683 non
1549 1638 1726 1683 divinum
1773 1639 1992 1699 quendam,
2032 1639 2105 1683 sed
2140 1639 2299 1698 regium
2335 1640 2495 1685 vultum
2520 1643 2756 1702 conspicere

240 1714 291 1773 (v.
321 1712 425 1757 214
454 1714 545 1774 sq.).
594 1715 740 1758 Restat
766 1721 813 1759 ut
839 1717 889 1761 de
926 1709 1188 1776 μελάθρου
1225 1728 1354 1774 pauca
1401 1712 1595 1757 dicamus.
1655 1714 1754 1758 Mihi
1781 1714 1887 1758 enim
1924 1729 2009 1757 non
2043 1712 2254 1757 verisimile
2292 1714 2462 1766 videtur,
2489 1717 2753 1778 μέλαθρον

241 1788 317 1842 hic,
344 1787 383 1834 id
419 1788 532 1850 quod
570 1789 693 1849 vulgo
731 1789 944 1850 significat,
991 1788 1151 1836 trabem
1195 1788 1292 1834 tecti
1331 1787 1571 1849 significare,
1607 1803 1736 1849 quum
1784 1787 2002 1850 praecedat
2038 1787 2067 1851 ἡ
2110 1785 2230 1852 ὃ’ἁ’ρ’
2275 1789 2362 1836 ἐπ’
2411 1789 2609 1839 ου’ὃόν
2643 1792 2708 1853 ἔβ
2726 1812 2752 1858 η

244 1863 365 1911 ποσί
401 1870 443 1911 et
470 1870 668 1924 sequatur
694 1865 884 1929 πλῆσεν
920 1864 971 1914 δὲ
1009 1861 1198 1929 θύρας.
1226 1863 1412 1924 Apparet
1439 1862 1557 1910 deam
1589 1862 1629 1908 in
1664 1863 1798 1909 limine
1838 1863 1926 1925 ipso
1963 1869 2087 1924 atque
2126 1864 2229 1909 intra
2264 1865 2370 1911 sores
2422 1872 2543 1920 stare,
2598 1869 2755 1930 optime

242 1940 366 2000 igitur
402 1940 664 2002 μέλαθρον
697 1939 748 1985 de
797 1957 843 1985 ea
884 1948 999 2002 parte
1046 1940 1203 1991 ianuae,
1256 1953 1382 1999 quam
1433 1938 1651 1983 vernaculo
1698 1953 1887 1983 sermone
1923 1936 2291 2000 „Dbery'cbmesse“
2336 1940 2456 1985 latine
2489 1944 2757 2002 supercilium

243 2014 416 2075 (Vitruv.
444 2015 509 2066 V„
538 2013 585 2067 6,
615 2012 660 2058 5.
687 2015 773 2068 1v.,
803 2015 850 2068 6,
881 2016 942 2076 2.)
965 2030 1170 2067 vocamus,
1196 2012 1502 2073 intelligendum
1529 2012 1605 2057 erit
1640 2011 1706 2074 (de
1742 2028 1825 2074 qua
1859 2012 1979 2059 huius
2023 2014 2129 2059 vocis
2164 2014 2455 2074 significatione
2504 2016 2583 2062 vid.
2618 2018 2753 2079 Hesy-

244 2088 408 2150 chium),
435 2102 686 2149 quamquam
726 2088 897 2148 sortasse
931 2086 1042 2135 solus
1080 2087 1144 2134 hic
1176 2087 1292 2133 locus
1326 2092 1402 2138 est,
1436 2085 1506 2131 ubi
1541 2087 1806 2150 ιιιι-’λαθρον
1841 2087 1944 2133 hanc
1978 2087 2308 2147 significationem
2349 2088 2486 2136 habet.

1347 2227 1383 2254 v.
1425 2209 1529 2255 266
1582 2226 1672 2272 sqq.

839 2296 1033 2364 ὥρῃσιν
1063 2296 1208 2361 δ’ἄρα
1244 2301 1414 2354 ‘trossy-s,
1449 2298 1825 2360 περιπλομένων
1858 2301 2120 2352 ἐνιαυτῶν,

837 2372 1020 2428 παῖδες
1050 2369 1364 2417 Ἐλευσινίων
1400 2368 1620 2429 πόλεμον
1654 2367 1738 2415 καὶ
1776 2365 1997 2432 φύλοπιν
2031 2370 2185 2433 αἰνήν

837 2444 948 2491 αἰὲν
982 2452 1034 2491 έν
1069 2440 1331 2507 ἀλλήλοισι
1369 2438 1645 2497 συνάξουσ*
1681 2440 1851 2505 ἤματα
1889 2438 2073 2489 πάντα.

398 2533 578 2578 Multum
625 2534 869 2595 interpretes
920 2534 972 2579 de
1017 2534 1096 2578 hoc
1140 2533 1231 2577 loco
1267 2530 1526 2591 disputarunt
1571 2527 1647 2573 nec
1693 2529 1875 2589 profecto
1914 2531 2055 2590 negari
2109 2538 2246 2593 potest
2297 2532 2412 2593 plura
2466 2533 2608 2584 inesse,
2652 2550 2759 2595 quae

251 2609 399 2654 iustam
439 2608 649 2654 dubitandi
683 2625 868 2655 caussam
909 2608 1143 2670 praebeant.
1195 2606 1250 2651 Ut
1287 2605 1461 2667 primum
1505 2622 1566 2656 ea,
1609 2618 1714 2664 quae
1763 2603 1813 2648 ad
1860 2605 2105 2666 scripturam
2150 2608 2335 2659 attinent,
2384 2622 2680 2662 recenseamus,
2719 2610 2759 2654 in

252 2683 342 2728 cod.
382 2698 457 2728 ms.
497 2683 647 2742 legitur
687 2683 845 2752 ὦρῃσι
884 2683 1028 2748 δ’ἄρᾱ
1064 2688 1238 2747 τῷγε,
1271 2680 1384 2741 quod
1410 2695 1539 2740 quum
1579 2679 1681 2723 bene
1720 2678 1884 2739 intelligi
1924 2697 2007 2725 non
2049 2682 2188 2742 possit,
2227 2682 2410 2743 plerique
2440 2682 2615 2727 editores
2646 2699 2760 2729 acce-

253 2764 403 2819 perunt
427 2756 629 2803 Fonteinii
668 2759 992 2806 emendationem
1027 2764 1143 2806 τοῦ
1155 2776 1218 2817 γε
1254 2761 1428 2816 (matura
1470 2755 1554 2799 eius
1592 2754 1741 2814 aetate)
1776 2755 1958 2816 exceptis
1998 2756 2311 2802 Mitscherlichio
2345 2763 2386 2801 et
2425 2756 2462 2800 J.
2505 2756 2559 2801 H.
2596 2758 2760 2813 Vossio,

257 2832 327 2893 qui
371 2832 536 2893 quidem
582 2832 798 2880 lectionem
846 2834 991 2879 codicis
1028 2837 1099 2895 τῷ
1133 2850 1185 2890 γε
1219 2830 1408 2880 retinent,
1445 2829 1599 2872 diversa
1646 2835 1783 2873 tamen
1834 2829 1994 2875 ratione
2042 2831 2255 2892 explicant.
2309 2829 2435 2874 Priori
2474 2835 2545 2894 τῷ
2580 2850 2632 2888 γε
2670 2848 2761 2877 ver-

256 2906 426 2951 tendum
466 2921 556 2950 esse
590 2908 772 2954 videtur:
807 2924 947 2970 quare,
974 2918 1229 2969 quapropter,
1270 2910 1316 2948 ut
1343 2902 1393 2946 ad
1428 2902 1651 2946 Metanirae
1677 2902 1991 2964 imprudentiam
2017 2905 2239 2949 reseratur:
2283 2903 2353 2947 sed
2379 2902 2418 2947 id
2454 2905 2577 2950 credo
2604 2912 2763 2952 temere

258 2997 354 3026 eum
391 2980 610 3041 scripsisse.
661 2985 756 3029 Hoc
793 2984 901 3027 enim
926 2983 965 3027 in
1003 2982 1171 3027 Homeri
1217 2975 1460 3023 carminibus
1505 2976 1686 3037 legendis
1722 2979 2052 3023 animadvertisse
2094 2979 2188 3022 mihi
2225 2980 2375 3031 videor,
2426 2979 2523 3025 illud
2568 2986 2640 3044 τῷ
2684 2997 2763 3042 pro

263 3054 347 3103 διὰ
383 3059 540 3102 τοῦτο
574 3057 687 3103 nullo
713 3058 790 3103 alio
827 3058 916 3102 loeo
955 3056 1132 3108 inveniri,
1166 3055 1238 3100 nisi
1273 3052 1313 3096 in
1345 3049 1455 3095 initio
1490 3052 1716 3096 sententiae
1754 3053 1932 3114 positum
1974 3060 2015 3098 et
2054 3067 2213 3112 semper
2248 3053 2299 3098 ad
2334 3053 2386 3105 id,
2422 3054 2535 3114 quod
2571 3055 2764 3115 proxime

260 3133 493 3193 praecessit,
530 3132 684 3176 referri.
725 3133 785 3176 Cf.
824 3132 957 3193 ipsum
992 3131 1101 3183 illud,
1143 3129 1254 3191 quod
1285 3125 1508 3170 Mitscherl.
1558 3127 1705 3177 attulit,
1750 3129 1985 3189 exemplum
2047 3127 2090 3170 ll.
2127 3127 2178 3177 11,
2218 3125 2338 3172 354.
2396 3129 2540 3173 Herm.
2583 3129 2636 3174 ad
2670 3130 2767 3192 Vig.

257 3223 296 3267 p.
340 3205 460 3257 706,
502 3203 585 3248 27.
634 3207 672 3250 J.
709 3207 764 3250 H.
804 3206 976 3250 Vossius
1014 3207 1089 3249 alia
1124 3205 1278 3249 ratione
1311 3200 1527 3246 lectionem
1561 3201 1709 3245 codicis
1753 3204 1858 3247 tucri
1897 3202 2045 3252 studet,
2082 3201 2113 3244 is
2149 3202 2256 3245 enim
2304 3203 2422 3246 vertit
2460 3206 2569 3249 huic.
2633 3206 2693 3249 At
2735 3207 2767 3250 si

258 3282 391 3326 Vossii
426 3278 559 3342 opinio
595 3280 809 3342 probatur,
840 3280 1052 3341 quomodo
1090 3282 1181 3343 quis
1216 3276 1407 3341 ὥρῃσιν
1444 3275 1652 3335 intelligat,
1679 3293 1762 3321 non
1797 3277 1923 3325 video,
1960 3275 2037 3319 hoc
2082 3275 2189 3319 enim
2235 3284 2318 3320 tam
2354 3276 2545 3322 absolute
2584 3281 2765 3341 positum

261 3369 383 3400 sensu
411 3360 536 3406 caret,
562 3369 714 3401 nomen
749 3361 887 3400 autem
922 3355 1131 3415 quoddam
1169 3370 1222 3399 ex
1260 3351 1517 3415 praecedenti
1556 3366 1678 3395 versu
1715 3352 1904 3411 supplere
1939 3350 2080 3394 durius
2119 3357 2195 3401 est,
2239 3366 2368 3411 quam
2405 3360 2453 3397 ut
2489 3354 2607 3398 nobis
2654 3369 2769 3399 com·
