2985 3651
1286 237 1646 284 ...10-

204 383 347 424 noster
384 376 540 439 optime
577 376 629 420 in:
657 383 745 420 tres
784 384 923 437 partes
965 376 1085 422 dividi
1124 385 1277 438 potest,
1316 395 1493 439 quarum
1531 375 1660 441 prima
1700 374 1849 438 (usque
1887 375 1940 426 ad
1979 392 2015 425 v.
2057 375 2145 440 98)
2184 378 2365 426 continet
2414 376 2728 441 descriptionem

204 457 349 513 raptus
385 452 673 514 Proserpinae,
712 466 876 496 errores
916 451 1082 498 Cereris
1120 453 1244 498 filiam
1295 452 1542 515 quaerentis,
1605 449 1826 498 adventum
1863 450 1951 499 eius
1989 451 2029 499 in
2078 451 2246 514 regione
2291 452 2510 501 Eleusinia.
2586 452 2730 515 Incipit

206 526 392 573 secunda
429 541 539 588 pars,
580 541 687 588 quae
712 525 978 573 continuatur
1016 526 1111 574 inde
1149 545 1173 574 a
1212 545 1248 575 v.
1291 528 1357 574 98
1399 543 1532 590 usque
1571 525 1623 573 ad
1660 542 1696 572 v.
1739 524 1868 574 293:
1908 525 2035 574 Ceres
2073 541 2097 573 a
2138 526 2300 575 filiabus
2327 527 2436 574 Celei
2477 527 2516 574 in
2554 526 2726 574 domum

204 601 350 649 matris
388 601 565 655 ducitur,
605 617 709 664 puer
747 601 1000 665 Demophon
1038 603 1075 650 ei
1112 603 1301 658 traditur,
1339 604 1398 650 ira
1435 603 1537 650 deae
1575 602 1718 664 ingens
1760 600 2016 657 describitur,
2056 601 2226 649 stultitia
2253 602 2478 650 Metanirae
2514 601 2727 649 concitata.

206 677 346 723 Tertia
384 676 561 739 denique
598 692 694 740 pars
733 677 917 723 continet
955 679 1282 742 catastropham:
1321 678 1512 724 Eleusinii
1551 677 1713 724 Cereris
1760 677 1875 724 iussu
1913 677 2113 740 templum
2149 677 2379 731 aedificant,
2418 678 2491 724 sed
2528 678 2588 724 ira
2626 677 2726 724 deae

208 766 293 798 non
331 751 531 814 placatur,
570 752 738 797 veniunt
776 753 909 797 nuntii
946 770 971 799 a
1009 755 1106 799 love
1143 755 1267 807 missi,
1309 762 1355 798 ut
1393 754 1579 798 dolorem
1618 752 1672 798 ob
1691 752 1880 799 amissam
1921 752 2044 799 filiam
2082 757 2317 813 compescat
2354 757 2396 798 et
2420 757 2558 798 terrae
2595 751 2726 799 homi·

206 824 412 888 nibusque
451 824 668 888 propitiam
706 842 752 871 se
791 828 1002 889 praebeat.
1039 830 1132 873 Dea
1170 828 1416 874 commoveri
1453 844 1535 872 non
1576 833 1725 888 potest,
1764 833 1812 872 ut
1850 827 2047 873 memoria
2083 833 2226 887 raptae
2265 825 2369 872 filiae
2402 824 2587 887 deposita
2613 825 2728 872 vultu

207 907 333 963 atque
370 900 507 946 animo
544 900 661 946 hilari
700 902 766 956 sit,
804 903 879 948 nisi
917 903 998 949 fllia
1037 904 1202 949 tandem
1240 908 1492 965 recuperata.
1531 900 1801 948 Concluditur
1838 917 2004 949 carmen
2042 900 2365 950 reconciliatione
2406 898 2647 947 concordiae
2681 914 2727 946 ac

207 975 364 1035 gratiae
403 974 521 1029 deae,
545 991 655 1037 quae
694 977 819 1021 sacris
856 978 931 1022 illis
968 978 1185 1023 Eleusiniis
1211 978 1403 1024 institutis
1440 977 1482 1023 in
1520 977 1745 1038 Olympum
1781 976 1899 1022 redit.

341 1048 457 1103 Quid
495 1049 548 1095 de
574 1050 610 1095 vi
637 1065 686 1095 ac
723 1058 941 1112 potestate,
980 1051 1032 1095 de
1069 1052 1370 1097 necessitudine
1408 1058 1451 1097 et
1489 1051 1773 1097 coniunctione
1811 1050 1930 1096 huius
1968 1050 2106 1112 hymni
2157 1066 2252 1096 cum
2290 1051 2349 1104 iis,
2395 1065 2500 1111 quae
2538 1049 2578 1096 in
2604 1050 2727 1095 sacris

206 1123 425 1169 Eleusiniis
451 1124 802 1177 monstrabantur,
841 1125 1106 1171 statuendum
1145 1126 1209 1176 sit,
1233 1142 1287 1170 ex
1326 1126 1385 1177 iis,
1425 1125 1598 1186 quaein
1635 1124 1848 1186 prooemio
1887 1123 1938 1172 de
1975 1123 2133 1187 hymnis
2170 1124 2400 1171 Homericis
2439 1124 2626 1171 universe
2653 1138 2725 1170 ex·

208 1198 343 1260 posita
380 1205 490 1251 sunt,
528 1198 661 1259 colligi
699 1205 860 1260 potest:
886 1207 1029 1245 nostra
1056 1199 1222 1261 quidem
1249 1199 1450 1245 sententia
1478 1198 1666 1246 dubitare
1692 1199 1799 1252 licet,
1826 1216 1878 1246 an
1912 1199 1960 1254 is,
1998 1199 2068 1262 qui
2118 1199 2197 1247 hoc
2232 1214 2397 1246 carmen
2434 1199 2565 1252 finxit,
2601 1199 2641 1244 id
2676 1200 2727 1245 de

207 1273 406 1318 industria
433 1273 727 1335 composuerit,
754 1281 802 1319 ut
827 1277 1123 1338 μυηθέντες
1149 1275 1190 1320 in
1216 1275 1340 1321 sacris
1365 1274 1440 1321 illis
1474 1273 1662 1321 faciendis
1698 1290 1749 1321 eo
1784 1280 2014 1322 uterentur.
2067 1273 2264 1330 Quamvis
2302 1272 2409 1320 enim
2444 1278 2633 1319 constare
2671 1274 2726 1319 vi·

207 1348 369 1401 deatur,
395 1364 445 1394 eo
471 1356 676 1411 tempore,
703 1365 788 1410 quo
816 1349 894 1394 hoc
919 1365 1085 1395 carmen
1111 1350 1385 1412 compositum
1412 1365 1503 1396 esse
1528 1348 1741 1396 verisimile
1767 1355 1831 1396 est
1857 1348 1915 1411 (et
1931 1349 2099 1396 facimus
2125 1363 2220 1396 cum
2234 1349 2395 1403 Vossio,
2423 1349 2492 1411 qui
2516 1354 2727 1394 auctorem

207 1422 297 1467 eius
322 1438 407 1468 non
434 1423 490 1468 ita
515 1423 649 1469 multo
675 1430 772 1484 post
796 1424 1027 1469 Hesiodum
1052 1424 1200 1470 vixisse
1226 1425 1395 1485 censet),
1420 1424 1614 1472 Eleusine
1640 1424 1719 1470 iam
1746 1424 1830 1470 dies
1857 1424 1983 1470 festos
2008 1423 2048 1470 in
2075 1424 2276 1470 honorem
2294 1424 2456 1469 Cereris
2482 1438 2529 1469 ac
2555 1425 2724 1468 Proser·

208 1496 328 1558 pinae
353 1513 507 1558 magno
533 1513 626 1543 cum
654 1506 853 1558 apparatu
881 1497 1111 1544 celebratos
1138 1515 1242 1552 esse,
1269 1506 1407 1545 tamen
1433 1514 1684 1560 magnopere
1710 1498 1934 1545 cavendum
1962 1505 2039 1553 est,
2091 1514 2142 1543 ne
2178 1505 2267 1543 tum
2302 1498 2509 1559 temporis⁴
2533 1499 2724 1558 mysteria

208 1570 272 1616 vel
299 1586 413 1616 sacra
437 1571 645 1616 Eleusinia
669 1572 748 1617 iam
775 1572 918 1617 iisdem
944 1572 1104 1627 ritibus,
1130 1573 1395 1625 caerimoniis,
1420 1574 1579 1635 pompis
1605 1574 1709 1618 sacta
1734 1588 1825 1619 esse
1850 1573 2080 1626 credamus,
2107 1588 2212 1634 quae
2249 1578 2391 1634 postea
2425 1572 2465 1617 in
2499 1588 2621 1617 usum
2656 1587 2723 1616 ve-

207 1652 374 1699 nerunt,
400 1661 477 1690 nec
502 1645 719 1708 quisquam
746 1662 906 1700 eorum,
933 1647 1002 1708 qui
1026 1647 1078 1693 de
1103 1648 1164 1694 his
1191 1647 1317 1694 rebus
1344 1648 1609 1709 scripserunt,
1635 1647 1810 1708 negavit,
1837 1662 1952 1693 sacra
1976 1647 2040 1693 illa
2066 1646 2290 1708 antiquitus
2314 1645 2462 1692 tradita
2477 1645 2724 1708 procedente

206 1727 397 1782 tempore
422 1727 594 1773 mutata,
620 1720 865 1783 amplificata
891 1728 933 1766 et
960 1722 1265 1783 quodammodo
1292 1723 1458 1769 exculta
1494 1738 1597 1769 esse.
1634 1721 1694 1768 Cf.
1723 1722 1778 1768 O.
1812 1722 1961 1770 Miiller
1994 1721 2201 1769 Eleusinia
2235 1721 2275 1766 in
2309 1720 2441 1767 Ersch
2478 1729 2519 1766 et
2545 1719 2723 1772 Gruber,

207 1795 430 1857 Encyclop.
456 1796 504 1849 1.,
532 1793 616 1840 33.
662 1795 803 1850 Quam
827 1796 882 1841 ob
908 1812 998 1841 rem
1036 1814 1120 1843 non
1146 1798 1334 1843 audiendi
1360 1804 1469 1851 sunt,
1497 1798 1567 1858 qui
1593 1795 1847 1843 Creuzerum
1873 1795 2019 1844 ducem
2046 1795 2173 1843 secuti
2201 1801 2412 1842 auctorem
2437 1795 2483 1857 h)
2494 1795 2574 1840 mni
2596 1795 2724 1840 nostri

208 1868 566 1915 adumbrationem
594 1871 654 1915 vel
681 1877 835 1916 tectam
862 1872 1067 1932 quandam
1106 1880 1231 1934 atque
1258 1880 1459 1935 opertam,
1496 1888 1619 1934 quam
1656 1872 1778 1932 vulgo
1814 1870 2075 1934 symbolicam
2111 1877 2270 1924 vocant,
2316 1870 2368 1917 de
2403 1870 2475 1916 diis
2511 1869 2724 1915 Eleusiniis

209 1944 440 1989 doctrinam
465 1945 507 1990 in
532 1961 583 1990 eo
608 1945 832 1991 memoriae
858 1945 1084 2007 prodidisse
1111 1954 1279 2009 putant:
1327 1947 1453 1993 immo
1492 1947 1570 1993 boc
1604 1947 1827 1993 tenendum
1860 1953 1937 2000 est,
1964 1946 2076 2009 quod
2120 1946 2172 1991 ad
2216 1945 2448 2008 opinionem
2486 1945 2725 2005 cultumque

209 2019 398 2072 deorum,
424 2019 476 2064 ad
504 2019 659 2065 fabulas
686 2037 708 2065 a
735 2020 958 2067 maioribus
984 2028 1172 2083 acceptas
1210 2022 1368 2075 attinet,
1392 2020 1632 2068 simillimam
1658 2021 1719 2067 vel
1743 2027 1855 2068 certe
1880 2036 1964 2068 non
1989 2021 2044 2067 ita
2071 2021 2271 2067 diversam
2298 2035 2389 2065 esse
2415 2025 2456 2064 et
2481 2019 2653 2064 Homeri
2680 2026 2722 2063 et

207 2093 379 2140 Hesiodi
405 2101 447 2140 et
477 2094 578 2148 eius,
605 2094 674 2157 qui
700 2101 890 2141 nostrum
911 2111 1077 2142 carmen
1102 2097 1347 2159 composuit,
1372 2103 1414 2142 et
1440 2096 1636 2150 omnium,
1663 2096 1731 2159 qui
1758 2096 1834 2142 ista
1860 2102 1994 2142 aetate
2020 2096 2199 2148 suerunt,
2224 2096 2437 2141 rationem.
2471 2094 2591 2138 Nulla
2618 2094 2723 2138 enim

208 2175 281 2214 aut
307 2168 549 2230 paucissima
574 2176 736 2215 tantum
762 2170 803 2215 in
829 2176 975 2217 nostro
1000 2170 1151 2233 hymno
1177 2172 1316 2218 insunt
1343 2171 1508 2232 vestigia
1535 2187 1692 2224 earum,
1727 2187 1834 2234 quae
1869 2171 2023 2216 Cerere
2061 2171 2255 2232 magistra
2290 2170 2330 2215 in
2368 2169 2504 2214 Attica
2534 2174 2724 2230 receptae

209 2257 301 2288 esse
328 2242 583 2297 dicebantur,
610 2244 847 2305 opinionum
874 2244 925 2290 de
952 2245 1056 2290 vitae
1082 2246 1176 2299 tine,
1202 2246 1254 2292 de
1279 2246 1581 2292 immortalitate
1608 2247 1851 2299 animorum,
1879 2246 1930 2290 de
1958 2245 2112 2307 poenis,
2139 2244 2287 2307 quibus
2313 2244 2486 2307 improbi
2514 2243 2723 2288 afficeren-

206 2309 278 2361 tur
304 2316 379 2361 hac
405 2317 486 2362 vita
512 2317 704 2370 defuncti,
730 2319 781 2364 de
808 2319 996 2379 praemiis
1022 2319 1241 2373 bonorum,
1268 2321 1319 2366 de
1346 2321 1533 2366 felicitate
1559 2320 1809 2367 initiatorum
1835 2327 1913 2366 etc.
1941 2327 2019 2365 etc.
2046 2327 2124 2365 etc.
2175 2320 2273 2364 Duo
2311 2325 2406 2363 sunt
2432 2318 2522 2370 loci,
2549 2317 2617 2378 qui
2643 2316 2725 2361 huc

153 2395 156 2399 ’
208 2391 350 2436 referri
378 2398 553 2453 possunt
580 2399 622 2437 et
648 2392 699 2437 ab
727 2393 1017 2454 interpretibus
1044 2395 1126 2440 huc
1151 2396 1399 2448 reseruntur,
1426 2411 1461 2440 v.
1491 2393 1596 2440 365
1627 2411 1715 2456 sqq.
1737 2411 1772 2440 v.
1797 2394 1902 2440 486
1933 2410 2021 2456 sqq.
2077 2394 2190 2448 Quid
2215 2400 2354 2438 autem
2388 2392 2482 2437 dicit
2508 2396 2632 2453 po'eta
2662 2391 2723 2436 his

208 2466 342 2512 locis?
368 2466 521 2512 Prioris
547 2466 649 2512 haec
674 2475 738 2513 est
764 2468 985 2513 sententia:
1013 2476 1060 2514 tu
1086 2470 1255 2514 summis
1282 2471 1426 2514 frueris
1452 2469 1692 2521 honoribus,
1718 2469 1892 2530 improbi
1918 2484 2030 2521 vero,
2056 2469 2124 2530 qui
2151 2468 2330 2513 animum
2357 2473 2475 2512 tuum
2502 2459 2625 2511 sacris
2648 2465 2725 2510 rite

210 2541 325 2586 factis
363 2542 685 2604 muneribusque
713 2543 859 2588 oblatis
887 2544 1046 2605 placare
1071 2544 1342 2605 neglexerint,
1370 2560 1442 2606 per
1468 2561 1591 2590 omne
1617 2552 1782 2606 tempus
1809 2561 1940 2606 poena
1967 2542 2214 2589 afficientur:
2251 2558 2285 2588 v.
2325 2540 2429 2587 486
2461 2555 2549 2603 sqq.
2577 2537 2725 2585 beatis·

211 2615 339 2661 simus
365 2616 622 2678 praedicatur
647 2619 693 2671 is,
721 2633 844 2680 quem
871 2618 961 2663 illae
987 2618 1163 2680 benigne
1189 2626 1327 2664 ament
1353 2619 1609 2664 terrestrium
1635 2619 1869 2664 hominum:
1897 2618 1990 2663 huic
2010 2618 2145 2663 statim
2161 2618 2329 2664 mittunt
2352 2617 2391 2661 in
2415 2630 2583 2675 magnas
2604 2614 2725 2661 aedes

210 2687 375 2751 semp'er
400 2697 658 2752 praesentem
686 2693 867 2746 Plutum,
895 2695 964 2755 qui
992 2694 1222 2738 hominibus
1249 2694 1490 2739 mortalibus
1517 2695 1670 2738 divitias
1696 2695 1879 2753 largitur.
1921 2694 1982 2737 Cr.
2011 2693 2091 2738 Od.
2119 2693 2171 2745 V,
2204 2690 2321 2737 125.
2368 2689 2538 2737 Hesiod.
2567 2689 2723 2749 Theog.

207 2779 244 2808 v.
275 2764 397 2809 962.
444 2765 573 2818 Quod
598 2766 650 2812 ad
674 2782 759 2819 eos,
787 2769 856 2829 qui
882 2769 1057 2812 alterum
1085 2769 1220 2812 locum
1248 2768 1513 2829 praecedunt,
1539 2785 1680 2813 versus
1705 2769 1850 2813 attinet
1875 2767 1927 2828 (v.
1956 2766 2058 2812 477
2086 2765 2406 2830 Τριπτολεζαῳ
2441 2781 2494 2811 τε
2538 2769 2614 2809 etc.
2645 2769 2724 2809 etc.

216 2863 276 2869 —
315 2853 352 2882 v.
381 2837 487 2882 482
518 2838 676 2886 αἶσαν
711 2842 828 2902 ἔχει)
855 2858 950 2886 cum
976 2843 1132 2901 llgenio
1160 2843 1261 2886 facio
1288 2842 1546 2886 Animadvss.
1576 2859 1666 2901 pag.
1697 2841 1800 2886 567
1832 2849 2050 2902 totumque
2076 2840 2186 2885 hunc
2216 2838 2365 2889 locum,
2393 2852 2521 2898 quum
2540 2837 2722 2898 complu-

208 2908 324 2959 ribus
368 2914 453 2959 aliis
488 2914 540 2960 de
576 2919 730 2962 caussis
764 2918 882 2978 (vide,
928 2918 1139 2979 quomodo
1175 2919 1420 2978 interpretes
1457 2914 1659 2968 laborent,
1700 2922 1747 2962 ut
1795 2914 1973 2979 probum
2018 2913 2312 2962 sententiarum
2356 2925 2511 2958 nexum
2552 2924 2606 2957 ex
2651 2910 2725 2957 illis

212 2982 484 3046 παρεξίμεν
519 2983 637 3033 οὔτε
673 2990 950 3035 πυθέσθαι
990 2984 1095 3034 οὔτ’
1130 2986 1316 3047 α’χεέιν.
1352 2990 1478 3048 μέγα
1518 2982 1613 3051 γάρ
1648 3004 1696 3032 τι
1747 2989 1883 3033 θεῶν
1917 2984 2046 3045 ἄγος
2081 2982 2263 3043 (ἄχος)
2310 2978 2510 3041 ἰσχάνει
2554 2978 2725 3044 αὐδήν

206 3052 382 3113 eliciant)
408 3059 497 3099 tum
528 3057 708 3104 maxime
735 3056 861 3118 quod,
888 3073 992 3118 quae
1019 3058 1082 3103 hic
1109 3058 1161 3104 de
1188 3058 1312 3103 sacris
1329 3058 1545 3103 Eleusiniis
1573 3058 1777 3109 dicuntur,
1804 3056 2040 3120 posterioris
2065 3055 2208 3101 aetatis
2234 3069 2325 3099 esse
2344 3050 2545 3104 videntur,
2572 3067 2624 3097 ex
2645 3051 2722 3097 alio

204 3127 398 3179 carmine,
438 3128 478 3172 in
504 3129 603 3188 ipsis‘
623 3135 855 3191 τελε-’ταις
881 3137 1058 3184 cantato,
1085 3131 1321 3178 desumtum
1348 3138 1390 3178 et
1415 3132 1496 3178 huc
1523 3133 1765 3179 translatum
1799 3147 1890 3179 esse
1917 3138 2030 3194 puto.
2058 3130 2162 3186 Quis
2193 3144 2275 3174 non
2303 3126 2410 3171 videt
2448 3125 2509 3170 his
2534 3125 2720 3170 versibus

201 3201 451 3262 ineptissime
477 3201 730 3264 interrumpi,
757 3221 864 3266 quae
889 3203 971 3251 huc
998 3221 1128 3267 usque
1155 3222 1238 3252 uno
1265 3205 1376 3253 velut
1402 3211 1547 3254 tenore
1574 3205 1837 3270 procedebat,
1864 3205 2170 3252 narrationem?
2220 3202 2379 3247 Deinde
2406 3202 2437 3244 si
2476 3217 2559 3245 non
2598 3202 2721 3243 inter-

203 3275 365 3335 polatus
392 3283 456 3322 est
481 3276 546 3323 hic
573 3276 701 3330 locus,
727 3295 850 3339 quam
878 3278 999 3340 friget
1024 3278 1243 3341 repetitum
1281 3280 1378 3328 illud
1413 3296 1449 3327 v.
1484 3281 1590 3328 486
1621 3280 1724 3342 'rsty’
1762 3280 1949 3339 ὄλβιος,
2000 3277 2153 3326 ὅντιν’
2187 3284 2373 3324 ἐκεῖναι
2416 3283 2493 3319 etc.
2530 3282 2607 3318 etc.
2643 3282 2720 3317 etc.

204 3349 373 3412 Optime
411 3358 552 3398 autem
599 3350 820 3399 cohaerent
872 3353 1021 3409 omnia,
1060 3353 1092 3401 si
1127 3369 1163 3401 v.
1204 3353 1308 3402 476
1357 3383 1415 3391 —-
1467 3354 1550 3404 καὶ
1587 3355 1872 3421 ἐπέφραδεν
1907 3354 2051 3421 ὄργια
2089 3359 2250 3400 πᾶσιν
2283 3358 2482 3415 sequitur
2536 3364 2571 3391 v.
2611 3345 2715 3391 483

200 3421 368 3488 αὐτὰρ
402 3423 577 3489 ἐπειδὴ
617 3423 777 3473 πάνθ’
810 3425 1119 3493 ὑπεθήκατο
1157 3427 1243 3476 δῖα
1279 3425 1451 3476 θεάων
1478 3447 1566 3494 sqq.
1587 3459 1647 3465 —-
1663 3431 1778 3476 Haec
1802 3429 1885 3475 sere
1910 3429 2047 3483 habui,
2073 3443 2178 3491 quae
2204 3427 2256 3471 de
2280 3426 2432 3487 hymno
2457 3425 2498 3469 in
2524 3423 2717 3468 Cererem

195 3502 383 3549 unIverse
434 3503 624 3560 dicerem,
658 3521 769 3552 nunc
806 3505 858 3553 ad
893 3506 1005 3554 locos
1052 3506 1209 3570 aliquot
1255 3507 1517 3569 explicandos
1558 3505 1883 3569 progrediamur.
