2985 3651
1302 189 1661 237 ...16-

219 341 378 404 poetice
404 340 558 386 dictum
584 338 636 384 sit
674 353 751 400 pro
788 335 918 403 πρός
954 340 976 381 ἑ·
1007 330 1276 402 νωμήσαςε
1311 338 1390 386 sed
1428 338 1600 396 νωμᾶν
1633 333 1737 378 hanc
1773 338 2021 395 potestatem
2058 332 2212 381 habere
2245 354 2330 387 non
2368 356 2490 402 posse
2528 338 2606 387 iam
2640 340 2734 388 vidit

216 415 440 462 Mitscherl.
479 414 544 460 ad.
571 414 611 459 h.
638 429 675 459 v.
710 427 848 475 neque
872 425 953 473 ego
979 412 1177 473 intelligo,
1212 412 1422 474 quomodo
1461 407 1596 475 α’μφί
1631 412 1653 453 ἑ
1678 407 1753 454 dici
1789 408 1917 469 possit
1956 424 2033 470 pro
2071 410 2200 475 πρός
2236 419 2271 461 ἑ.
2300 416 2434 462 Vossii
2458 416 2581 477 igitur
2606 417 2733 478 expli.

215 490 416 535 cntionem
443 488 655 534 mittamus
690 502 827 549 neque
861 485 972 532 aliud
1014 487 1207 533 iudicium
1245 487 1471 532 faciendum
1516 499 1608 532 esse
1650 488 1753 542 puto
1793 482 1844 528 de
1882 483 2072 544 opinione
2111 488 2223 547 Aug.
2260 489 2470 535 Matthiaei
2510 490 2535 536 Ι.
2576 491 2601 536 1.
2641 506 2732 553 pag.

216 563 341 617 404,
381 563 446 608 cui
484 561 622 628 α’μφί
658 566 680 606 ἑ
715 558 960 626 νωμήσας
987 562 1143 608 dictum
1168 561 1329 607 videtur
1354 575 1457 613 esse,
1490 567 1539 606 ut
1579 559 1713 624 ἀμφί
1749 564 1772 605 ε’
1806 556 2082 624 παπτήνας
2110 560 2268 622 (11.1v,
2297 562 2435 623 497),
2471 571 2519 608 ut
2544 566 2733 627 supplea-

213 645 284 684 tur
311 635 380 683 τώ
418 634 553 694 ὄσσε,
587 636 730 682 oculos
757 636 913 681 circum
939 638 1090 689 serens,
1117 636 1189 681 sed
1217 635 1314 700 quid
1339 635 1418 679 hoc
1451 634 1525 679 sibi
1551 635 1652 703 velit·
1669 636 1748 681 hoc
1773 635 1897 679 loco?
1924 635 2022 689 Quo
2047 637 2212 682 tandem
2239 636 2381 681 oculos
2403 652 2501 682 suos
2514 638 2731 685 Plutonem

214 710 433 769 coniecisse
468 711 691 772 putemus?
755 713 896 756 Locus
923 712 1102 774 quidem,
1153 726 1277 772 quem
1312 709 1431 754 affert
1482 710 1630 756 Matth.
1675 708 1880 755 Herodot.
1916 710 1989 762 lv,
2041 711 2141 757 128
2183 713 2445 768 νωμῶντες
2482 707 2574 756 οὖν
2610 721 2727 759 σῖτα

215 783 623 849 οἷναιρεομένονς,
657 784 730 831 ubi
758 790 933 848 νωμᾶν
969 784 1196 847 significare
1231 782 1438 829 contendit
1484 785 1629 838 videre,
1674 784 2006 837 animadvertere,
2052 784 2195 832 iniuria
2233 781 2285 829 ab
2322 799 2373 830 eo
2424 782 2640 833 laudatur:
2680 787 2733 833 ibi

211 857 319 903 enim
357 861 529 918 νωμᾶν
560 860 775 906 notionem
809 861 935 907 habet
969 861 1103 907 animo
1130 854 1326 911 volvendi,
1359 860 1588 919 reputandi,
1624 875 1747 922 quam
1785 864 1828 904 et
1862 859 1972 920 apud
2004 860 2236 905 Homerum
2274 864 2317 904 et
2368 858 2476 920 apud
2513 861 2732 923 scriptores

209 932 373 977 Atticos
411 930 568 979 habere
602 935 709 981 hanc
744 952 888 982 vocem
913 942 1057 998 postea
1093 934 1331 980 videbimus.
1380 933 1526 994 Neque
1563 934 1732 981 Hesiod.
1776 934 1879 994 Asp.
1908 932 2014 979 462
2058 931 2276 999 δούρατι
2314 929 2555 998 νωμήσας
2584 935 2731 981 Matth.

210 1006 416 1069 explicare
452 1006 635 1055 debebat
681 1006 965 1075 σκοπήσας,
1010 1006 1396 1071 τιτυσκόμενος,
1463 1025 1513 1056 eo
1555 1011 1662 1056 enim
1697 1009 1789 1056 loco
1826 1013 1996 1070 νωμᾶν
2032 1008 2272 1071 primitivam
2305 1008 2489 1056 movendi
2523 1010 2732 1056 notionem

207 1082 372 1128 retinet.
425 1082 520 1132 vid.
557 1085 679 1130 Voss.
720 1084 938 1136 ῦτῐᾶιιΐεϊ.
977 1099 1016 1146 p.
1060 1082 1161 1130 106
1206 1083 1290 1129 init.
1326 1086 1498 1145 νωμᾶν
1524 1084 1564 1131 h.
1611 1086 1636 1131 1.
1680 1090 1793 1131 recte
1839 1084 2063 1146 explicasse
2111 1084 2299 1130 videntur
2338 1082 2517 1143 Ilgenius
2563 1093 2604 1131 et
2636 1085 2730 1131 Mit-

209 1155 425 1203 scherlich.
459 1167 589 1205 mente
627 1159 799 1219 aqitare,
835 1159 975 1206 animo
1007 1160 1175 1205 volvere.
1215 1158 1334 1204 Cons.
1371 1157 1454 1203 od.
1480 1159 1576 1214 XX,
1615 1158 1718 1206 257
1764 1158 1940 1223 κε’ρδεα
1981 1163 2157 1221 νωμῶν
2187 1159 2301 1210 XIII,
2332 1157 2437 1203 255
2483 1158 2605 1206 νόον
2641 1177 2730 1206 πο-

211 1232 455 1296 λυκερδέα
480 1236 659 1295 νωμῶν
676 1232 966 1287 ΧἯΙΙ,’216
995 1231 1069 1281 ε’νὶ
1105 1231 1252 1298 φρεσὶ
1290 1232 1435 1297 κέρδε’
1466 1230 1662 1298 ἐνώμας
1688 1241 1731 1280 et
1757 1248 1863 1296 quae
1901 1233 2022 1279 Voss.
2062 1233 2088 1279 1.
2133 1234 2158 1279 1.
2195 1249 2219 1279 e
2244 1232 2407 1293 tragicis
2433 1235 2566 1299 potitis
2585 1234 2755 1284 Atticis,

211 1307 331 1353 affert
361 1307 563 1369 exempla.
611 1306 792 1369 IIgenius
824 1307 950 1368 igitur
984 1307 1124 1355 vertit:
1151 1309 1223 1354 hoc
1246 1308 1352 1353 clam
1377 1307 1516 1355 animo
1540 1324 1671 1355 secum
1689 1310 1862 1361 volvem,
1888 1318 1935 1353 ut
1956 1324 2006 1354 ne
2028 1315 2104 1353 etc.
2133 1315 2175 1352 et
2199 1306 2509 1355 Mitscherlich.:
2544 1310 2732 1355 insidiose

208 1398 302 1429 cum
327 1383 405 1430 illa
429 1399 566 1443 agens,
591 1383 638 1429 id
656 1383 817 1429 volvens
840 1382 992 1440 animo,
1018 1393 1141 1430 utne
1167 1385 1245 1428 etc.
1284 1380 1369 1429 Sed
1396 1386 1569 1444 νωμᾶν
1600 1400 1650 1431 τι
1687 1380 1822 1448 οἷμφί
1857 1383 2046 1430 ἑαυτὸν
2078 1382 2164 1429 sine
2203 1380 2395 1443 exemplo
2430 1391 2507 1438 est,
2542 1383 2583 1430 id
2617 1384 2730 1447 quod

209 1457 287 1503 iam
324 1457 697 1504 animadverterunt
729 1455 877 1502 Matth.
912 1462 955 1502 et
998 1457 1135 1510 Voss.,
1169 1470 1306 1518 neque
1337 1455 1390 1501 ab
1416 1457 1601 1519 analogia
1633 1458 1758 1504 uliam
1793 1457 1919 1503 habet
1953 1458 2273 1503 excusationem.
2331 1457 2513 1504 Santenii
2553 1460 2729 1521 denique

208 1530 346 1595 ᾶμφί
351 1547 376 1587 ς
397 1528 642 1594 νωμήσας
665 1557 726 1564 --
761 1532 948 1591 clamque
971 1532 1183 1591 bipertivit
1199 1557 1258 1563 —
1277 1536 1320 1574 et
1329 1531 1556 1578 Her-manni
1565 1534 1732 1579 seorsim
1758 1534 1938 1578 tribuens
1964 1532 2114 1577 nemini
2140 1531 2361 1593 probatum
2388 1534 2434 1578 iri
2456 1541 2570 1594 puto.
2598 1534 2729 1595 Equi-

207 1605 301 1651 dem
328 1604 464 1671 ἀμφί
499 1611 522 1652 ἑ
559 1601 802 1668 νωμήσας
834 1605 1055 1652 vernaculo
1089 1619 1280 1650 sermone
1303 1612 1445 1651 verto:
1479 1621 1553 1655 um
1587 1608 1638 1665 §ie
1672 1608 1859 1665 finnenb,
1894 1606 2086 1669 sorgenb,
2120 1605 2175 1650 ita
2210 1610 2258 1650 ut
2298 1607 2320 1648 ἑ
2356 1607 2533 1668 positum
2568 1606 2618 1652 sit
2653 1623 2729 1667 pro

206 1675 341 1742 αὐτή
351 1696 392 1726 ν.
428 1679 543 1734 Quin
573 1695 673 1725 vero
709 1682 882 1739 νωμᾶν
905 1680 1025 1735 hanc,
1061 1693 1186 1741 quam
1220 1678 1325 1732 dedi,
1362 1685 1613 1741 potestatem
1644 1679 1832 1731 curandi,
1867 1695 1890 1723 a
1924 1678 2090 1723 notione
2126 1678 2261 1724 animo
2287 1680 2471 1726 volvendi
2507 1680 2727 1727 derivatam

203 1752 359 1800 habere
384 1753 529 1816 possit,
567 1753 705 1799 nullus
753 1750 911 1801 dubito.
963 1753 1167 1814 Exempla
1203 1752 1369 1814 quidem
1394 1754 1516 1799 huius
1540 1753 1733 1815 loquendi
1776 1753 1944 1806 formae,
1981 1768 2086 1814 quae
2123 1752 2219 1797 satis
2258 1751 2394 1799 audax
2439 1755 2600 1801 videtur
2638 1772 2729 1801 esse

206 1835 333 1891 atque
365 1828 540 1882 insolita,
573 1827 721 1873 afferre
746 1843 832 1873 non
859 1845 1043 1891 possum,
1070 1833 1253 1874 attamen
1288 1827 1321 1873 si
1359 1828 1411 1875 ad
1445 1828 1673 1889 analogiam
1712 1833 1886 1889 spectas,
1938 1841 2028 1873 eam
2071 1843 2155 1874 non
2193 1826 2247 1872 ita
2283 1840 2306 1870 a
2342 1844 2490 1890 graeco
2534 1844 2725 1877 sermone

206 1905 379 1950 alienam
406 1920 498 1949 esse
532 1910 714 1966 apparet.
767 1904 953 1950 Primum
979 1904 1092 1967 quod
1119 1903 1171 1948 ad
1196 1919 1319 1949 usum
1365 1903 1677 1966 praepositionis
1717 1901 1851 1968 οἷμφί
1877 1902 2035 1956 attinet,
2074 1903 2122 1950 cs.
2166 1902 2213 1949 ΙΙ.
2249 1900 2404 1959 XVIII,
2441 1902 2545 1952 339
2588 1903 2725 1971 ἀμφὶ

205 1973 259 2022 δὲ
275 1972 330 2021 σε’·
354 1973 520 2040 Τρωαὶ
545 1972 631 2021 καὶ
645 1972 970 2038 Δαρδανίδες
989 1969 1316 2034 βαθύκολποι
1338 1969 1666 2021 κλαύσονται.
1682 1975 1833 2038 hymn.
1857 1975 1960 2032 6‚v.
1983 1974 2001 2022 1
2021 1968 2724 2039 ἀμφὶΔιώνυσον-μνήσομαι,

202 2044 394 2106 Aeschyl.
434 2046 549 2106 Sept.
599 2060 636 2091 v.
682 2043 787 2090 828
826 2045 891 2091 ed.
927 2045 1079 2091 Schi'itz
1118 2046 1334 2109 μέριμνα
1368 2043 1547 2110 δὀἱμφὶ
1585 2041 1780 2091 πτόλιν.
1827 2042 2099 2104 coniungitur
2144 2042 2289 2091 deinde
2338 2042 2721 2109 ἀμφιπένεσθαι

208 2145 268 2153 —-
287 2135 508 2165 curare—
526 2135 622 2166 cum
648 2121 879 2167 accusativo
900 2120 962 2181 (11.
988 2121 1104 2174 XVI,
1127 2117 1227 2180 28),
1252 2115 1623 2185 ἀμφιπολεύειν
1653 2135 1748 2165 cum
1762 2118 1909 2165 eodem
1932 2134 2053 2165 casu:
2072 2117 2306 2167 Atticorum
2317 2119 2492 2182 denique
2506 2123 2569 2168 est
2593 2122 2726 2182 ἔχειν

204 2192 341 2259 ἀμφί
372 2211 441 2252 τι,
468 2210 614 2240 curare
652 2194 815 2256 aliquid,
851 2210 1022 2257 operam
1064 2208 1213 2242 navare
1239 2194 1355 2241 alicui
1390 2195 1462 2248 rei,
1499 2200 1541 2240 et
1566 2193 1796 2254 Hesychius
1834 2192 2011 2256 explicat
2046 2198 2253 2257 Νωμῶν,
2289 2196 2314 2241 ἔ
2322 2214 2351 2257 χ
2366 2216 2402 2244 ω
2423 2217 2462 2245 ν.
