2985 3651
1261 173 1321 183 .-
1410 147 1468 194 11
1561 173 1610 180 -

1360 303 1397 333 v.
1426 286 1510 334 58.

834 380 893 391 ....
936 381 993 392 .-
1032 382 1089 391 --
1130 383 1187 392 -
1226 357 1309 404 σοὶ
1347 354 1493 403 δἀἶκα
1530 356 1650 413 λέγω
1688 358 1933 418 νημερτέα
1971 353 2152 402 πάντα.

181 423 287 476 nina
316 425 355 472 11.
383 424 408 472 l.
436 422 561 471 habet
586 423 676 471 cod.
700 438 775 471 ms.
802 438 879 472 nec
904 426 1173 473 Ruhnkenius
1199 427 1240 473 in
1264 428 1340 472 hac
1366 442 1466 471 voce
1505 425 1685 471 offendit.
1729 425 2017 470 Mitscherlich.
2045 432 2183 472 autem
2208 424 2306 473 illud
2333 421 2439 474 ὦκα
2475 423 2557 472 11110
2593 424 2695 472 irre·

181 504 309 566 psisse
335 517 359 556 e
385 516 442 547 vs.
472 498 540 546 60
568 504 684 546 ratus
723 500 1001 563 corruptelam
1025 500 1066 546 11.
1092 501 1117 546 l.
1142 516 1367 571 agnoscere
1404 502 1479 547 sibi
1505 501 1678 545 videtur.
1739 501 1865 544 Putat
1913 501 1978 546 hic
2013 517 2164 546 nomen
2206 500 2369 563 requiri,
2408 499 2493 563 quo
2536 499 2695 547 Hecate

183 580 378 625 Cererem
404 575 696 638 alloqueretur,
721 590 844 639 quam
872 574 926 621 ob
951 590 1041 620 rem
1079 573 1116 621 a}
1131 593 1199 622 να
1235 574 1300 635 (ὦ
1337 573 1373 622 ἄ
1379 579 1466 635 να)
1493 574 1733 628 emendavit,
1760 591 1842 637 qua
1863 575 2028 637 quidem
2055 576 2106 621 de
2140 575 2268 621 forma
2300 593 2384 623 non
2422 574 2695 622 dubitandum

181 668 272 699 esse
298 651 469 697 videtur.
522 650 642 705 Quae
667 650 845 712 ligenius
874 666 912 712 p.
943 650 1044 696 517
1076 668 1165 715 sqq.
1192 659 1336 697 contra
1361 651 1466 697 hanc
1500 648 1827 697 emendationem
1862 650 1994 704 affert,
2037 650 2186 698 nullius
2222 658 2318 697 sunt
2351 650 2562 704 momenti,
2600 664 2695 696 nam

180 745 245 788 ap.
272 726 387 771 Pind.
416 724 534 786 Pyth.
559 724 654 778 ΧΠ,
684 724 713 770 5
744 722 779 771 ὦ
816 723 915 771 ἄνα
940 726 1165 772 rectissime
1190 741 1214 772 a
1251 726 1465 772 scholiaste
1504 724 1695 788 explicari
1723 721 1760 769 ὦ
1799 724 2060 781 δέσποινα,
2096 726 2128 771 51
2173 726 2309 772 10011111
2343 726 2454 772 11111111
2491 726 2597 784 bene
2634 725 2695 771 in-

181 801 333 860 telligo,
360 800 495 846 nullus
521 797 678 845 dubito.
730 798 821 846 vid.
849 814 955 861 quae
980 800 1020 845 in
1044 800 1148 847 hanc
1173 815 1261 847 rem
1287 801 1423 847 attulit
1446 800 1696 847 Matthiaeus
1723 799 1979 843 Animadvss.
2008 816 2099 861 pag.
2129 798 2250 845 361.
2278 802 2336 846 At
2362 801 2526 847 omnino
2550 815 2691 846 emen·

181 875 344 922 datione
370 891 453 922 non
479 888 583 935 opus
610 880 674 920 est
698 872 738 920 h.
765 873 805 929 1.,
831 872 871 920 id
897 874 1009 937 quod
1035 875 1114 921 iam
1140 876 1236 921 vidit
1261 875 1453 937 llgenius.
1500 877 1539 919 Is
1565 874 1928 919 Mitscherlichium
1955 881 2072 934 putat
2098 875 2189 920 ideo
2216 875 2268 920 ad
2293 875 2402 921 hunc
2427 891 2591 921 versum
2631 873 2693 919 vel

183 951 318 1012 potius
345 950 397 995 ad
423 949 528 995 hanc
552 964 695 994 vocem
721 949 952 1003 offendisse,
978 950 1091 1012 quod
1115 950 1181 995 ille
1206 966 1290 996 non
1315 951 1470 1003 viderit,
1497 949 1706 1012 quomodo
1732 949 1890 994 Hecate
1916 955 2011 1010 post
2031 949 2230 995 decimam
2252 966 2443 997 auroram
2469 949 2534 1011 (cs.
2556 966 2591 996 ν.
2606 947 2693 1009 51)

181 1040 367 1071 asserere
394 1024 534 1085 possit,
562 1038 606 1068 se
634 1021 737 1069 ὦκα
776 1025 936 1080 λέγειν
972 1026 1216 1086 νημερτέα
1253 1021 1437 1070 πάντα.
1466 1013 1620 1070 Contra
1647 1024 1746 1068 haec
1772 1024 1948 1084 ligenius
1974 1025 2211 1078 rectissime,
2239 1025 2311 1070 sed
2337 1024 2570 1070 obscurius:
2608 1024 2695 1076 „At

181 1098 412 1146 meminisse
438 1103 618 1160 oportet,
644 1112 727 1143 non
752 1096 804 1143 ad
836 1099 993 1159 factum
1019 1096 1116 1143 illud
1143 1094 1245 1143 (ὅκα
1285 1098 1461 1162 relatum
1496 1099 1671 1144 voluisse
1707 1102 1885 1158 po’etam,
1924 1098 1997 1143 sed
2035 1099 2086 1144 ad
2111 1101 2278 1145 niodum
2306 1099 2419 1151 sacti;
2453 1100 2580 1145 dicere
2607 1114 2690 1144 rem

183 1172 286 1221 ὦκα
322 1189 405 1220 11011
431 1178 520 1218 erat
557 1172 777 1233 integrum,
803 1172 1009 1232 integrum
1035 1178 1173 1216 tamen
1199 1179 1288 1216 erat
1319 1189 1415 1217 vera
1451 1177 1597 1234 referre
1621 1170 1767 1219 ὥκα.“
1824 1173 1918 1217 Hoc
1952 1173 2017 1217 ille
2052 1173 2204 1234 optime
2248 1173 2496 1220 intellexisse
2531 1172 2692 1219 videtur

182 1249 367 1295 lacunam
393 1247 433 1294 h.
460 1246 486 1294 l.
512 1261 603 1293 esse
628 1245 794 1300 nullam,
821 1252 945 1309 atque
971 1246 1097 1291 miror
1121 1248 1407 1291 Hermannum
1441 1248 1622 1309 cogitare
1649 1246 1845 1308 potuisse,
1883 1246 2018 1291 locum
2070 1247 2178 1294 hunc
2214 1263 2306 1294 esse
2332 1254 2576 1309 corruptum
2613 1248 2690 1293 So-

183 1323 312 1386 lisque
339 1322 588 1372 mentionem
613 1322 677 1368 hic
705 1336 874 1384 prorsus
901 1336 991 1366 esse
1018 1322 1288 1366 necessariam
1322 1329 1364 1366 et
1389 1325 1442 1367 ita
1469 1324 1642 1367 fortasse
1669 1320 1942 1383 supplendum
1969 1338 2079 1368 esse:

773 1429 831 1436 —
871 1429 929 1435 —-
970 1429 1028 1437 --
1066 1400 1148 1446 σοὶ
1187 1398 1336 1447 dama
1374 1402 1456 1459 λε’)
1461 1419 1507 1446 οι
1546 1402 1789 1479 νηυεοτεά
1827 1396 1993 1446 πάντα

775 1465 976 1521 Hbs-tog,
1015 1482 1072 1521 OG
1108 1462 1252 1511 Πάνῒ
1285 1470 1445 1530 8,φοοᾆ
1477 1464 1563 1511 καὶ
1601 1462 1747 1511 πάντ
1781 1462 2036 1512 enazotj'et.

329 1554 475 1613 Neque
500 1552 676 1597 multum
702 1551 819 1596 abest
853 1551 904 1596 ab
929 1553 1169 1597 Hermanno
1196 1552 1234 1596 J
1259 1553 1314 1596 H.
1340 1553 1448 1597 Voss
1475 1551 1781 1612 &riduterung
1813 1565 1851 1609 p.
1883 1549 1965 1595 25.
1990 1550 2064 1596 nisi
2086 1541 2198 1614 quod
2217 1552 2322 1599 Solis
2338 1553 2588 1599 mentionem
2611 1567 2694 1597 non

181 1630 235 1674 ita
262 1627 531 1673 necessariam
558 1641 648 1671 esse
673 1624 908 1670 arbitratur.
934 1626 974 1669 Is
1000 1625 1080 1671 tale
1107 1625 1205 1686 quid
1231 1625 1491 1670 scribendum
1517 1638 1608 1668 esse
1634 1623 1860 1668 existimat:
1888 1625 1991 1673 Σοὶ
2043 1625 2145 1685 ὸ“’ὅς
2182 1646 2233 1674 κε
2269 1630 2404 1687 λέγοι
2443 1632 2690 1692 νημερτέα

182 1699 368 1758 πάντα,
403 1709 446 1749 ut
483 1696 541 1758 ὅς
569 1715 644 1762 pro
672 1699 990 1747 demonstrativo
1017 1700 1257 1762 pronomine
1283 1700 1463 1761 positum
1489 1699 1552 1743 sit.
1600 1697 1736 1742 Etiam
1762 1698 1832 1742 Fr.
1859 1697 1970 1757 Aug.
1997 1697 2205 1743 Wolfium
2239 1698 2438 1744 excidisse
2472 1713 2602 1743 unum
2627 1698 2689 1742 vel

181 1775 285 1821 duos
312 1791 454 1820 versus
482 1774 693 1837 opinatum
719 1789 809 1820 esse
835 1788 889 1820 ex
916 1775 1092 1820 editione
1118 1775 1204 1822 eius
1231 1782 1412 1837 apparet.
1464 1775 1522 1818 At
1559 1773 1673 1816 locus
1713 1772 1945 1816 sanissimus
1985 1779 2060 1817 est.
2117 1772 2300 1819 Primum
2340 1772 2444 1819 Solis
2483 1772 2690 1819 mentione

181 1866 350 1911 prorsus
389 1866 472 1896 non
510 1867 614 1912 opus
638 1865 727 1895 esse
749 1850 919 1895 videtur.
959 1849 1098 1895 Solem
1137 1849 1257 1901 enim,
1299 1846 1357 1905 ὃς
1393 1845 1537 1894 πάντ’
1572 1851 1733 1911 ἐφορᾷ
1754 1845 1837 1891 καὶ
1865 1844 2009 1892 πάντ’
2036 1843 2273 1895 ἐπακούει
2302 1849 2467 1906 (θεῶν
2493 1846 2689 1894 σκοπὸν

180 1922 273 1986 ἠδὲ
310 1922 394 1970 καὶ
431 1922 655 1987 ἀνδρῶν)
684 1924 832 2007 aliquid
871 1924 921 1970 de
960 1932 1076 1986 rapta
1115 1925 1360 1986 Proserpina
1387 1928 1644 1982 compertum
1685 1920 1837 1965 habere
1876 1928 1917 1966 et
1943 1922 2028 1982 ipsa
2054 1922 2179 1968 Ceres
2213 1923 2315 1968 scire
2334 1928 2496 1983 poterat
2536 1928 2579 1966 et
2600 1937 2690 1972 nos,

180 1996 210 2044 si
244 1996 296 2043 ad
335 2013 370 2043 v.
412 1997 478 2044 26
521 2013 609 2061 sqq.
646 1999 898 2082 respicimus,
939 1999 1119 2060 cogitare
1158 2000 1286 2044 coacti
1326 2012 1481 2041 sumus.
1538 1996 1598 2040 Cf.
1635 1995 1884 2041 Matthiaeus
1924 1996 1949 2041 Ι.
1997 2012 2030 2041 c.
2079 1996 2162 2043 Sed
2199 1996 2416 2044 redeamus
2475 1996 2529 2042 ad
2578 1995 2690 2047 illud,

179 2071 287 2118 unde
325 2071 594 2118 devertimus.
621 2075 744 2119 verba
783 2075 890 2119 enim
929 2074 1010 2120 σοὶ
1050 2074 1090 2121 ὸ’
1103 2074 1207 2121 alna
1243 2076 1326 2131 ὶέ)
1329 2093 1365 2118 ω
1403 2075 1647 2136 νημερτεόι
1686 2069 1853 2119 πάντα
1889 2070 1940 2117 ad
1978 2072 2256 2130 praecedentia
2305 2071 2525 2118 referenda
2579 2077 2689 2124 sunt,

178 2147 217 2192 id
241 2146 355 2208 quod
391 2163 473 2192 non
513 2147 759 2194 intellexisse
797 2149 985 2193 videntur
1022 2148 1207 2200 Vossius,
1248 2148 1445 2200 SVolfius,
1493 2146 1781 2200 Mitscherlich,
1820 2147 1868 2192 al.
1916 2146 2072 2191 Hecate
2120 2145 2237 2192 obvia
2285 2146 2333 2192 fit
2379 2145 2521 2191 Cereri
2570 2146 2693 2190 filiam

177 2221 401 2282 quaerenti.
463 2222 557 2266 Non
596 2231 758 2283 poterat
798 2223 913 2275 scire,
953 2230 1126 2267 matrem
1164 2223 1242 2268 iam
1269 2222 1418 2283 aliquid
1450 2221 1502 2267 de
1539 2229 1662 2284 raptu
1701 2221 1969 2282 Proserpinae
2008 2221 2269 2285 comperisse.
2324 2222 2471 2283 ltaque
2497 2220 2688 2266 brexibus

177 2295 308 2341 verbis
335 2311 426 2341 eam
466 2296 618 2341 dehac
656 2313 702 2341 rc
740 2297 955 2342 certiorem
994 2297 1099 2349 facit,
1134 2297 1189 2341 ita
1226 2304 1363 2342 tamen
1401 2303 1449 2341 ut
1486 2312 1578 2342 eam
1615 2297 1853 2356 interroget,
1892 2294 1982 2355 quis
2022 2295 2197 2341 deorum
2232 2297 2294 2340 vel
2334 2296 2546 2342 hominum
2585 2297 2686 2339 Pro-

175 2369 376 2431 serpinam
414 2370 617 2431 rapuerit:
646 2386 689 2416 se
716 2372 822 2416 enim
862 2372 901 2416 id
939 2388 1021 2417 non
1050 2372 1207 2424 vidisse,
1246 2371 1466 2415 clamorem
1492 2377 1653 2416 tantum
1687 2370 1895 2415 audivisse.
1958 2368 2176 2416 Concludit
2222 2370 2370 2416 deinde
2416 2369 2498 2416 σοὶ
2537 2366 2686 2415 <mm

178 2446 297 2502 λέγω
336 2452 578 2509 mma-ovea
616 2444 815 2499 πάντας
841 2447 1030 2498 celeriter,
1065 2447 1306 2508 festinanter
1355 2446 1455 2490 haec
1494 2445 1564 2490 tibi
1611 2445 1712 2497 dico,
1751 2460 1834 2489 non
1881 2443 2010 2489 multa
2055 2443 2180 2489 verba
2219 2445 2334 2498 facio,
2370 2460 2519 2505 nempe
2558 2455 2686 2504 quum

177 2514 287 2559 salus
329 2515 432 2561 filiae
471 2532 621 2578 magno
649 2517 687 2563 in
712 2518 939 2566 discrimine
979 2520 1040 2566 sit.
1082 2520 1141 2566 Cf.
1169 2520 1268 2566 infra
1307 2535 1343 2566 v.
1390 2519 1484 2565 171
1533 2517 1650 2565 ὦκα
1688 2516 1738 2564 δὲ
1779 2517 1938 2582 μητρὶ
1976 2518 2199 2575 ἔννεπον,
2235 2520 2305 2576 ὠς
2339 2517 2480 2568 εἶδόν
2514 2536 2565 2565 τε
2599 2517 2685 2565 καὶ

178 2584 372 2630 ἔκλυον.

1358 2676 1394 2706 v.
1436 2659 1518 2704 64.

639 2728 789 2786 Ἠέλι’,
826 2729 1068 2778 αἱδεσσαί
1102 2748 1161 2793 με
1197 2734 1330 2787 θεᾶς
1355 2728 1494 2792 ὕπερ,
1529 2727 1572 2771 εἴ
1609 2743 1729 2771 ποτε
1769 2723 1830 2789 δή
1871 2743 1957 2772 σευ

632 2798 664 2864 ἢ
701 2802 805 2849 ἔπει
844 2799 875 2865 ἢ
913 2804 1034 2867 ἔργῳ
1072 2832 1128 2838 -

324 2881 460 2929 Locus
487 2881 539 2930 ab
578 2883 866 2949 interpretibus
905 2889 1168 2938 vehementer
1194 2894 1379 2939 vexatuS,
1418 2885 1486 2947 qui
1536 2887 1621 2929 sere
1669 2901 1811 2930 omnes
1859 2900 2033 2930 acumen
2081 2903 2200 2931 suum
2246 2886 2285 2930 in
2333 2901 2383 2931 eo
2423 2885 2679 2932 emendando

173 2964 462 3004 exercuerunt.
503 2959 647 3008 Codex
686 2979 762 3009 ms.
814 2963 937 3010 habet
975 2963 1217 3012 αῖόεσσαί
1250 2979 1309 3024 με
1345 2963 1467 3006 θέα
1486 2976 1511 3016 ς
1546 2958 1689 3025 ὕπερ,
1725 2978 1848 3024 quam
1896 2960 2108 3006 lectionem
2155 2975 2286 3021 nuper
2333 2959 2510 3007 defendit
2547 2960 2586 3007 J.
2625 2960 2681 3007 H.

174 3031 345 3077 Vossius
384 3050 423 3095 p.
467 3034 533 3079 26
577 3049 647 3085 rer
676 3037 1036 3104 OE1·1=iuterungen.
1076 3039 1116 3085 ls
1142 3038 1265 3100 igitur
1315 3040 1540 3095 praeeunte
1578 3037 1820 3084 Hermanno
1872 3035 2064 3082 Cererem
2110 3035 2326 3080 obsecrare
2373 3041 2492 3098 putat
2539 3035 2682 3081 Solem

173 3120 246 3167 per
285 3107 419 3153 visum
457 3109 557 3164 eius,
596 3117 642 3156 ut
682 3111 735 3156 ita
775 3126 968 3173 graecum
1007 3116 1138 3170 θέας
1175 3108 1300 3173 ὕπερ
1333 3108 1481 3153 efferre
1520 3111 1649 3165 liceat,
1696 3121 1739 3158 et
1772 3111 1943 3156 conferri
1988 3111 2099 3155 iubet
2137 3126 2194 3155 vs.
2238 3110 2319 3155 70.
2360 3112 2443 3156 Sed
2487 3118 2535 3156 ut
2573 3111 2615 3157 h.
2655 3112 2681 3156 l.

173 3195 305 3227 nexus
343 3186 407 3227 est
445 3185 753 3237 sententiarum,
793 3200 956 3249 semper
992 3188 1079 3233 miri
1118 3188 1214 3249 quid
1227 3182 1353 3227 habet
1379 3183 1477 3228 illud
1504 3184 1638 3237 θέας
1675 3179 1815 3244 ὕπερ,
1850 3201 1976 3244 quum
2016 3191 2226 3245 sequatur,
2266 3185 2434 3233 εἴποτε
2466 3183 2531 3251 δή
2570 3201 2683 3235 σευ-

178 3255 322 3318 iupa:
356 3262 469 3302 recte
506 3272 604 3303 vero
631 3273 675 3302 se
712 3260 883 3305 haberet
909 3267 1042 3321 θέας
1080 3261 1219 3326 ὕπερ,
1253 3259 1285 3302 si
1311 3257 1368 3301 ita
1405 3256 1647 3317 loqueretur
1672 3255 1817 3302 Ceres:
1858 3259 2020 3317 Helie,
2048 3258 2290 3321 λίσσομαί
2310 3273 2364 3308 σε
2385 3262 2520 3320 θέας
2539 3259 2684 3327 ὕπερ,

177 3335 459 3399 νημερτέως
491 3350 580 3397 μοι
618 3337 805 3397 ἔνισπε,
840 3339 885 3384 εἴ
920 3355 1019 3384 που
1059 3338 1285 3392 ὄπωπας,
1310 3331 1413 3377 baec
1450 3331 1557 3377 soret
1594 3329 1723 3391 proba
1750 3327 2042 3376 sententiarum
2080 3329 2326 3390 conjunctio.
2363 3330 2449 3378 Sed
2483 3332 2575 3395 quis
2605 3332 2684 3377 boc
