2985 3651
1350 162 1673 211 ..9-

257 314 347 355 tum
384 311 461 359 est,
500 302 773 356 commutatis,
825 315 953 348 nemo·
985 317 1069 348 non
1107 301 1215 348 videt
1241 301 1287 362 *).
1348 303 1396 348 In
1433 303 1512 349 hoc
1560 308 1712 354 autem,
1748 299 1861 362 quod
1909 315 2015 362 quos
2052 299 2165 344 locos
2228 300 2450 346 Pausanias
2508 315 2564 346 ex
2614 300 2767 362 hymno

256 383 479 430 Homerico
518 378 558 424 in
597 377 791 424 Cererem
830 377 961 431 affert,
1000 377 1023 423 ii
1063 391 1207 424 omnes
1219 375 1272 439 **)
1310 376 1362 424 ad
1400 377 1569 424 alteram
1619 375 1806 423 carminis
1871 380 2030 437 partem
2095 373 2311 437 pertinent,
2375 374 2472 420 nihil
2520 374 2770 421 difficultatis

260 456 393 504 inesse
431 458 556 515 puto:
596 457 709 499 certe
745 466 830 498 non
854 451 947 497 inde
972 450 1112 498 coniici
1151 466 1273 514 posse
1311 459 1493 515 apparet,
1532 451 1710 515 priorem
1748 450 1886 513 hymni
1924 456 2083 512 partem
2123 450 2348 492 Pausaniae
2387 464 2557 510 prorsus
2586 451 2767 510 ignotam

255 529 390 582 fuisse,
415 527 478 573 vel
517 526 659 573 saltem
699 527 785 572 eius
824 532 959 571 aetate
996 525 1048 570 ab
1086 525 1214 571 altera
1252 532 1368 589 parte
1406 533 1606 571 secretam
1646 525 1808 587 (Matth.
1833 525 2138 568 Animadverss.
2178 540 2218 585 p.
2251 524 2337 584 79)
2362 540 2438 567 nec
2462 526 2541 568 sub
2580 525 2765 568 eiusdem

252 601 425 649 Homeri
461 601 627 648 nomine
664 601 882 662 cognitam.
922 600 1050 655 Quod
1088 614 1185 646 vero
1223 600 1289 646 ille
1326 601 1522 646 nonnulla
1579 606 1794 652 memorat,
1833 614 1939 662 quae
1978 599 2018 642 in
2057 599 2194 660 priore
2220 599 2353 642 nostri
2392 599 2527 659 hymni
2553 607 2675 662 parte
2706 598 2764 642 le-

251 682 420 738 guntur,
449 675 522 722 sed
560 676 611 721 ad
637 690 684 721 ea
724 674 1028 736 comprobanda
1056 688 1218 736 semper
1256 675 1440 736 Pamphi,
1478 689 1690 736 nunquam
1727 674 1899 718 Homeri
1937 674 2181 717 auctoritate
2221 674 2363 724 utitur,
2404 689 2487 717 non
2523 675 2659 735 magni
2698 681 2763 718 est

250 750 469 795 momenti:
506 751 680 794 sortasse
715 749 821 793 enim
861 749 1022 810 gravior
1059 749 1272 794 videbatur
1309 750 1532 794 Pausaniae
1569 750 1740 809 Pamphi
1779 748 2014 799 auctoritas,
2053 763 2176 808 quam
2213 748 2401 799 Homeri,
2457 748 2572 792 sicuti
2619 749 2660 793 in
2697 748 2762 792 illa

246 823 422 869 Narcissi
461 823 570 869 ssoris
608 823 827 875 mentione,
866 823 981 868 cuius
1007 822 1288 885 antiquitatem
1326 825 1500 868 Pausan.
1539 825 1613 875 IX,
1654 822 1716 868 31
1752 822 1937 883 Pamphi,
1976 837 2060 866 non
2084 822 2256 865 Homeri
2296 822 2530 866 testimonio
2568 838 2758 883 compro-

248 898 331 942 bat.
356 899 543 943 Eandem
581 899 617 942 ei
657 899 778 942 fuisse
805 913 1003 949 caussam,
1055 913 1129 942 cur
1168 899 1199 949 1,
1240 896 1307 942 39
1332 898 1389 942 -in
1427 898 1573 943 eodem
1599 898 1753 958 mytho,
1808 898 1877 958 qui
1916 896 1956 941 in
2014 897 2150 957 priore
2195 896 2332 956 hymni
2381 903 2497 956 parte
2543 903 2758 948 tractatur,

246 973 476 1017 enarrando
513 987 643 1017 unum
681 972 910 1032 Pamphum
950 979 1206 1032 sequeretur,
1232 971 1444 1015 verisimile
1483 979 1557 1016 est.
1633 972 1754 1025 Quae
1792 971 1967 1032 denique
2004 970 2252 1015 Matthiaeus
2292 971 2316 1014 l.
2357 970 2381 1014 l.
2422 986 2513 1030 pag.
2554 970 2621 1016 80
2664 986 2754 1031 sqq.

247 1046 439 1107 disputat,
478 1062 525 1092 ea
565 1047 699 1092 omnia
728 1047 781 1091 ita
822 1053 919 1090 sunt
957 1043 1206 1106 comparata,
1245 1053 1291 1090 ut
1330 1045 1442 1090 lacile
1479 1045 1679 1091 removeri
1706 1045 1875 1108 possint.
1900 1045 2005 1090 Nam
2044 1050 2139 1106 post
2176 1061 2212 1089 v.
2254 1042 2360 1089 314
2414 1044 2754 1091 consultationem

246 1120 350 1167 Iovis
389 1120 600 1175 excidisse,
639 1120 729 1183 quis
768 1120 1018 1167 crediderit?
1044 1120 1200 1165 Caussa
1237 1121 1358 1173 enim,
1397 1135 1472 1166 cur
1505 1120 1703 1166 excidisse
1738 1119 1886 1182 aliquid
1927 1127 2133 1182 putemus,
2181 1119 2293 1163 nulla
2339 1126 2414 1164 est.
2477 1120 2624 1181 Neque
2678 1119 2756 1164 hoc

246 1195 409 1250 mirum,
449 1196 560 1258 quod
601 1195 756 1257 Iupiter
782 1195 977 1240 Cererem
1003 1195 1043 1241 in
1070 1196 1292 1257 Olympum
1320 1211 1466 1241 vocare
1504 1196 1690 1248 voluerit,
1717 1195 1888 1240 sedebat
1932 1195 2041 1239 enim
2080 1195 2155 1239 dea
2189 1191 2431 1257 μακάρων
2465 1193 2760 1259 ἀπονόσφιν

247 1266 493 1317 ἁπάντων
527 1271 578 1331 (ν.
620 1268 757 1332 304).
796 1271 842 1315 Id
882 1270 1006 1330 igitur
1043 1286 1167 1331 agere
1192 1269 1370 1316 debebat
1407 1270 1575 1332 Iupiter,
1614 1276 1662 1316 ut
1700 1285 1791 1316 eam
1829 1270 1870 1315 in
1908 1270 2133 1330 Olympum
2172 1275 2412 1322 arcesseret,
2449 1263 2502 1313 ‘et
2553 1285 2684 1330 quum
2716 1269 2755 1314 in

245 1344 500 1405 reliquorum
539 1345 712 1390 deorum
750 1344 963 1390 concilium
1000 1344 1189 1397 venisset,
1229 1344 1331 1389 iram
1370 1344 1457 1390 eius
1496 1344 1570 1390 diis
1609 1344 1799 1391 omnibus
1839 1351 2056 1390 nocentem
2094 1343 2146 1403 (v.
2188 1342 2313 1405 313)
2349 1345 2539 1405 placaret.
2604 1344 2761 1389 Iterum

245 1418 503 1464 desideratur
528 1435 552 1464 a
590 1419 813 1464 Matthiaeo
853 1418 1088 1464 deliberatio
1115 1418 1314 1472 Plutonis,
1353 1434 1433 1481 qua
1482 1419 1624 1464 fraude
1661 1425 1852 1464 uteretur
1888 1418 1938 1464 ad
1973 1418 2260 1479 Proserpinam
2309 1418 2600 1479 decipiendam.
2678 1418 2761 1463 Sed

244 1508 381 1539 nonne
419 1497 568 1554 poetae
594 1492 741 1538 licebat
778 1492 901 1538 talem
940 1492 1285 1546 deliberationem,
1324 1488 1563 1554 quaemihi
1584 1493 1748 1555 quidem
1773 1509 1857 1538 non
1895 1508 2000 1554 opus
2039 1507 2129 1537 esse
2168 1492 2341 1545 videtur,
2380 1493 2605 1537 omittere?
2645 1492 2753 1537 Con-

244 1573 308 1611 tra
347 1566 457 1613 haud
495 1566 578 1612 scio
616 1578 669 1612 an
706 1566 1068 1628 reprehendendus
1092 1566 1213 1612 suerit
1251 1571 1387 1628 poeta,
1426 1566 1457 1613 si
1498 1574 1634 1613 totum
1672 1567 1781 1613 hunc
1820 1567 1956 1613 locum
1981 1565 2184 1628 copiosius
2223 1566 2488 1612 tractavisset.
2564 1565 2754 1627 Denique

243 1641 356 1703 quod
393 1641 597 1704 vituperat
633 1641 880 1688 Matthiaeus
919 1641 1137 1688 transitum
1175 1641 1288 1687 illum
1326 1640 1550 1704 abruptum
1588 1657 1625 1688 v.
1652 1640 1783 1688 371:

491 1723 589 1775 Ωσ
625 1724 774 1803 φάτο·
812 1723 1050 1804 γήθησεν
1086 1725 1139 1774 δὲ
1175 1726 1432 1803 πεοίφοων
1465 1727 1838 1805 Περσεφονεὶα,

504 1791 835 1857 καρπαλίμως
872 1790 1152 1856 δἀνόοουσ’
1187 1792 1308 1838 ὑπὸ
1345 1789 1699 1857 χάρματος
1736 1791 1904 1858 αὐτὰρ
1941 1791 2010 1851 57⁹
2045 1792 2182 1860 αὐτῇ
2217 1809 2313 1857 sqq.

239 1868 279 1913 in
318 1883 368 1914 eo
394 1869 531 1932 potius
569 1875 825 1914 venustatem
864 1870 1068 1932 quandam
1102 1876 1227 1932 atque
1266 1870 1508 1930 elegantiam
1534 1870 1843 1931 deprehendere
1880 1871 1975 1914 mihi
2017 1872 2166 1916 videor.
2242 1871 2369 1924 Quod
2418 1886 2515 1914 vero
2561 1886 2598 1914 v.
2640 1869 2747 1913 445

238 1943 349 1988 nulla
387 1943 466 1987 iam
493 1958 718 2004 granorum
756 1944 929 1988 istorum
967 1944 1060 1988 mali
1098 1945 1240 1988 Punici
1277 1945 1430 1989 mentio
1470 1946 1529 1996 fit,
1569 1946 1642 1989 sed
1678 1946 1835 2005 Iupiter
1874 1947 2010 1989 statim
2049 1947 2334 2006 Proserpinam
2360 1945 2460 1989 duas
2487 1944 2580 1988 anni
2608 1951 2747 2005 partes

238 2017 483 2063 commorari
521 2017 631 2079 apud
668 2024 842 2063 matrem
881 2017 1117 2080 permittere
1155 2018 1312 2071 dicitur,
1349 2019 1380 2063 si
1427 2019 1506 2064 hoc
1545 2019 1636 2064 loco
1673 2019 2037 2081 reprehendendus
2075 2026 2138 2064 est
2163 2024 2298 2080 poeta,
2336 2019 2415 2063 hoc
2459 2019 2636 2063 sortasse
2675 2033 2747 2062 ex-

239 2090 406 2138 cusandi
429 2091 557 2152 gratia
594 2092 741 2137 afferre
768 2092 889 2146 licet,
913 2107 1009 2138 eum
1048 2108 1171 2155 quam
1196 2093 1276 2138 iam
1313 2092 1397 2138 aliis
1436 2093 1534 2139 locis
1573 2093 1848 2155 exposuisset,
1874 2094 2148 2140 narrationem
2178 2094 2229 2139 de
2267 2094 2404 2154 granis
2443 2094 2519 2139 illis
2545 2092 2611 2137 hic
2628 2107 2747 2154 repe-

238 2170 328 2209 tere
364 2165 556 2217 noluisse,
594 2166 835 2226 praesertim
874 2182 1003 2227 quum
1041 2168 1180 2211 lovem
1229 2167 1308 2210 iam
1347 2167 1398 2211 de
1424 2167 1519 2212 dolo
1569 2167 1637 2212 illo
1689 2168 1906 2212 certiorem
1944 2169 2092 2211 sactum
2141 2183 2231 2212 esse
2270 2169 2384 2212 facile
2423 2168 2565 2212 coniici
2605 2168 2745 2227 possit

238 2239 507 2301 Proserpinae
533 2239 708 2301 denique
746 2240 1020 2286 narrationem
1059 2256 1143 2287 non
1180 2255 1271 2286 esse
1308 2241 1364 2286 ita
1395 2241 1603 2296 insulsam,
1650 2248 1699 2286 ut
1735 2241 1979 2287 Matthiaeus
2015 2240 2132 2287 nobis
2183 2241 2435 2323 persuadere
2475 2241 2628 2294 studet,
2667 2241 2744 2285 iam

242 2328 367 2376 supra
393 2313 576 2360 vidimus.

385 2388 471 2433 Iam
496 2404 626 2434 unum
664 2388 774 2434 hunc
798 2389 995 2450 hymnum
1032 2405 1124 2435 esse
1161 2391 1426 2452 argumentis,
1462 2405 1568 2454 quae
1606 2397 1748 2437 contra
1784 2390 1887 2435 hanc
1935 2390 2168 2452 opinionem
2220 2391 2357 2436 attulit
2393 2391 2655 2443 Matthiaeus,
2681 2407 2743 2435 re·

236 2461 374 2507 lutatis
400 2462 704 2509 demonstrasse
742 2463 836 2508 mihi
880 2464 1031 2511 videor.
1067 2466 1202 2511 Pauca
1240 2471 1401 2511 tantum
1439 2466 1657 2513 adiicienda
1694 2471 1827 2517 erunt,
1865 2481 1971 2527 quae
2018 2466 2069 2512 ad
2117 2465 2389 2528 componendi
2439 2474 2570 2513 artem
2621 2466 2742 2527 perti-

235 2542 347 2582 nent.
370 2537 434 2581 Ea
472 2539 580 2584 enim
618 2539 698 2591 lex,
738 2554 819 2599 qua
858 2555 1000 2585 omnes
1040 2541 1137 2593 fere,
1177 2556 1282 2602 quos
1308 2541 1464 2586 Graeca
1490 2549 1600 2585 terra
1637 2540 1741 2592 tulit,
1768 2540 1903 2601 po'esis
1942 2540 2064 2585 laude
2091 2541 2340 2587 excellentes
2380 2542 2440 2586 uti
2466 2542 2661 2592 videmus,
2694 2548 2738 2585 ut

236 2625 342 2671 quae
368 2610 573 2671 fingerent
610 2612 800 2665 carmina,
839 2613 1035 2676 pleraque
1073 2614 1114 2659 in
1151 2620 1236 2659 tres
1275 2622 1425 2676 partes,
1463 2621 1511 2661 ut
1548 2614 1601 2659 ita
1639 2613 1781 2666 dicam,
1821 2614 2059 2668 dividerent,
2101 2631 2278 2678 quarum
2317 2615 2459 2679 prima,
2507 2631 2630 2677 quam
2670 2630 2737 2659 vo·

235 2690 329 2729 cant
367 2684 678 2745 expositionem,
717 2687 894 2732 secunda
931 2703 1073 2733 rerum
1098 2703 1378 2749 progressum,
1416 2689 1535 2735 tertia
1572 2682 1875 2750 catastropham
1914 2689 2156 2743 contineret,
2204 2690 2238 2735 si
2270 2690 2311 2735 in
2349 2696 2535 2735 nostrum
2574 2703 2740 2750 quoque

233 2758 430 2821 hymnum
468 2760 654 2821 quadrat,
699 2762 903 2807 neminem
940 2762 1031 2815 iam,
1085 2763 1183 2825 quin
1219 2763 1285 2809 hic
1321 2764 1495 2826 hymnus
1530 2778 1641 2808 unus
1680 2764 1744 2817 sit,
1808 2764 2093 2810 dubitaturum
2139 2780 2229 2810 esse
2279 2771 2392 2826 puto.
2466 2763 2523 2809 Et
2568 2762 2741 2825 hymnus

302 2974 339 3020 ‘)
376 2975 485 3011 Video
510 2988 614 3019 nunc,
640 2989 728 3023 quae
755 2979 913 3024 equidem
938 2979 980 3014 de
1005 2985 1074 3014 tota
1100 2980 1164 3013 hac
1190 2990 1227 3015 re
1253 2979 1375 3021 sentio,
1400 2978 1465 3011 iam
1491 2979 1636 3013 inveniri
1662 2982 1713 3015 in:
1739 2983 1830 3021 §teuc
1855 2984 1947 3021 ffiibl.
1973 2987 2027 3021 bet
2037 2983 2160 3028 sdybnen
2175 2979 2427 3025 {Biffmsdlssftffi
2444 2981 2586 3023 mistim
2606 2982 2736 3022 stfmstt·

373 3031 447 3065 Vol.
473 3032 529 3066 59.
558 3033 637 3076 istess
664 3036 767 3072 &tiu-2
794 3034 883 3067 1797
910 3046 986 3080 pag.
1013 3035 1082 3069 108
1103 3046 1187 3079 sqq„
1213 3036 1270 3069 ubi
1296 3038 1334 3076 is,
1360 3036 1481 3079 quide
1508 3035 1642 3079 hymnis
1668 3037 1805 3073 Homeri
1836 3039 1878 3073 ab
1905 3039 2035 3083 Ilgenio
2063 3040 2158 3072 editis
2195 3037 2353 3070 iudicium
2380 3036 2466 3078 tulit,
2507 3036 2605 3080 plura
2631 3038 2674 3070 de
2701 3047 2743 3070 ea

369 3096 408 3118 re
434 3086 546 3120 habet.
572 3087 684 3127 Quum
710 3090 811 3134 igitur
837 3090 858 3123 l.
883 3090 905 3123 l.
931 3091 1124 3124 luculenter
1148 3091 1317 3135 disputata
1341 3091 1420 3132 sint,
1448 3101 1538 3137 quae
1564 3103 1631 3138 ego
1657 3094 1822 3128 allaturus
1848 3098 1952 3137 eram,
1979 3097 2058 3128 satis
2084 3101 2135 3127 cst
2160 3093 2275 3126 dicere
2301 3103 2354 3126 me
2381 3104 2458 3126 cum
2484 3092 2554 3133 illo,
2580 3093 2639 3137 qui
2665 3093 2688 3127 l.
2716 3105 2746 3126 c.

375 3143 529 3176 censoris
556 3150 669 3186 partes
697 3146 777 3189 egit,
805 3156 943 3190 prorsus
970 3147 1174 3181 consentire.

277 3196 333 3240 ’Ἴ
370 3196 484 3230 Matth.
510 3207 613 3231 uuum
638 3209 787 3241 versum,
813 3202 871 3245 qui
897 3206 948 3234 est
972 3211 1005 3234 v.
1032 3201 1113 3243 154,
1139 3201 1283 3245 excepit,
1309 3202 1435 3246 quippe
1460 3204 1518 3247 qui
1543 3202 1657 3238 alieno
1682 3204 1761 3239 loco
1785 3205 1938 3249 legatur:
1980 3204 2040 3237 sed
2066 3214 2154 3248 quae
2180 3203 2383 3237 animadvss.
2427 3213 2460 3247 p.
2486 3201 2558 3236 376
2585 3204 2628 3236 ad
2655 3204 2744 3237 hanc

372 3253 576 3286 sententiam
601 3253 838 3290 stabiliendam
863 3256 972 3299 affert,
996 3256 1127 3292 leviora
1151 3268 1227 3292 esse
1252 3257 1422 3292 videntur.
1447 3258 1531 3293 Nam
1557 3259 1654 3294 Celei
1679 3260 1766 3295 filias
1792 3261 1895 3307 digito
1921 3265 2106 3293 monstrare
2133 3270 2153 3293 e
2179 3259 2365 3305 longinquo
2390 3260 2662 3305 uniuscuiusque
2685 3271 2742 3294 re-

370 3307 443 3353 guli
467 3307 719 3345 Eleusiniorum
744 3312 860 3355 aedes,
888 3313 922 3347 in
948 3323 990 3347 eo
1016 3314 1097 3359 quid
1121 3315 1199 3349 insit
1223 3313 1354 3357 absoni,
1378 3326 1447 3350 non
1473 3316 1586 3350 video.
1612 3315 1664 3351 Cf.
1678 3316 1846 3351 Ruhnken
1871 3316 1913 3349 ad
1940 3315 1970 3349 h.
1997 3315 2019 3348 l.
2045 3315 2140 3361 Ilgen
2165 3325 2198 3359 p.
2223 3313 2305 3356 534,
2331 3313 2413 3348 535.
2441 3315 2673 3349 Mitscherlich
2698 3316 2741 3348 ad

369 3364 402 3396 h.
427 3365 449 3397 l.
473 3366 517 3407 3.
539 3366 586 3410 ᾧ.
611 3367 698 3411 2305,
724 3369 980 3416 Qtlfitttetuttgen
1003 3379 1035 3413 p·
1062 3369 1118 3411 53,
1144 3371 1201 3415 qui
1226 3375 1338 3403 tamen
1365 3370 1456 3404 hunc
1481 3371 1593 3405 locum
1619 3373 1693 3405 sine
1719 3374 1805 3405 iusta
1831 3382 1951 3405 caussa
1977 3371 2225 3405 emendandum
2251 3372 2397 3405 censuit.

2226 3422 2256 3470 2
