2985 3651
1284 121 1642 169 ..15-

218 277 309 307 esse
360 260 582 315 contendit,
643 261 757 323 quod
793 261 833 307 h.
879 262 904 307 l.
943 261 1037 307 belli
1084 263 1296 311 cuiusdam
1358 264 1511 310 mentio
1560 261 1647 314 fiat,
1695 266 1737 305 et
1783 260 1929 305 Matth.
1975 260 2084 320 ipse
2099 260 2405 307 Animadverss.
2442 276 2563 322 pagn.
2621 260 2729 308 392

219 336 326 390 dicit,
390 335 495 381 hanc
563 334 658 381 belli
719 335 1022 402 Eleusiniorum
1095 338 1177 383 sive
1238 338 1347 384 inter
1406 353 1451 383 se
1500 336 1582 382 sive
1634 349 1731 380 cum
1788 333 2106 380 Atheniensibus
2158 335 2262 395 gesti
2318 335 2570 381 mentionem
2616 336 2733 382 nimis

217 425 308 455 esse
333 411 500 455 brevem
538 417 580 455 et
619 411 913 455 sententiarum
952 411 1135 456 ordinem
1173 413 1356 466 turbare,
1391 413 1523 457 multo
1569 410 1677 455 enim
1717 409 2061 454 accommodatius
2099 425 2190 456 esse
2230 411 2367 455 statim
2406 417 2501 471 post
2549 426 2585 455 v.
2625 411 2729 457 265

219 476 405 525 οὕνεκα
441 484 640 537 γουνῶν
675 480 929 543 ἡμετέρων
961 484 1116 545 ἐπέβη
1160 481 1244 527 καὶ
1293 488 1348 527 ἐν
1397 480 1704 545 ἀγκοίνῃσιν
1744 478 1924 525 ἰἀυσεν
1968 481 2154 527 subiici:
2205 478 2307 540 εἰμὶ
2358 477 2413 526 δὲ
2442 475 2730 542 ’Δημ-ήτηρ.

215 549 306 594 Etsi
344 565 487 593 verum
513 556 589 602 est,
627 549 669 593 in
706 549 913 594 mentione
946 548 1054 603 belli,
1088 558 1136 595 ut
1170 568 1280 596 nunc
1326 551 1391 595 hic
1438 550 1552 596 locus
1591 550 1632 593 in
1670 547 1808 593 codice
1856 547 2018 607 legitur,
2065 565 2140 593 nos
2187 564 2271 594 non
2315 548 2458 594 iniuria
2505 548 2731 602 offendere,

216 631 354 669 tamen
379 623 410 668 si
449 629 586 669 totum
610 624 720 668 hunc
744 623 881 668 locum
909 624 1115 685 integrum
1132 625 1400 688 haberemus,
1441 624 1594 687 o'ptime
1631 622 1737 667 inter
1775 638 1819 668 se
1853 621 2087 675 cohaerere,
2125 639 2231 684 quae
2256 639 2366 670 nunc
2391 622 2444 669 ab
2469 622 2580 670 omni
2618 638 2731 670 nexu

218 698 353 744 soluta
379 714 470 743 esse
508 698 710 751 videntur,
735 713 857 743 nemo
896 715 979 744 non
1005 700 1266 762 perspiceret.
1293 701 1417 746 Plura
1456 699 1563 746 enim
1590 697 1789 744 excidisse
1827 697 2016 743 videntur
2054 704 2096 742 et
2132 697 2180 743 F.
2219 698 2270 743 A.
2307 698 2515 745 Wolfium
2555 698 2731 745 eandem

217 772 449 834 opinionem
487 772 679 818 habuisse
717 789 772 817 ex
804 772 979 819 editione
1025 775 1112 820 eius
1164 775 1296 837 colligi
1334 781 1483 837 potest.
1548 774 1676 820 Ceres
1727 772 1940 818 discedens
1994 771 2175 817 vaticinia
2222 772 2306 818 edit
2356 780 2399 819 et
2447 773 2729 835 Demophonti

216 847 411 908 gentique
448 846 764 900 Eleusiniorum‚
803 863 910 908 quae
945 848 1134 911 deinceps
1173 850 1312 895 futura
1359 850 1451 903 sint,
1499 847 1716 910 praedicit:
1763 846 2101 908 Demophontem
2147 847 2305 908 magnis
2338 863 2386 893 ac
2423 863 2554 909 paene
2588 847 2729 896 divinis

214 920 440 967 honoribus
479 928 671 967 ornatum
697 927 738 967 et
765 921 920 968 cultum
946 922 1006 977 iri,
1045 922 1191 969 deinde
1216 922 1371 969 bellum
1397 923 1507 970 civile
1533 922 1619 969 eius
1646 927 1780 968 aetate
1806 937 2056 968 exarsurum
2090 935 2182 966 esse
2220 927 2297 967 etc.
2362 922 2445 976 Qui
2483 922 2729 969 exciderunt

214 1011 371 1050 versus,
410 996 485 1042 alia
523 996 644 1043 etiam
682 996 876 1051 vaticinia,
901 1012 1008 1057 quae
1034 997 1085 1044 ad
1109 998 1444 1061 Demophontem
1470 987 1719 1060 gentemque
1743 996 2046 1043 Eleusiniorum
2081 996 2348 1058 pertinerent,
2387 997 2632 1043 continuisse
2669 998 2726 1042 vi·

216 1070 378 1117 dentur.
406 1070 514 1116 Tum
552 1070 749 1116 transitus
776 1070 906 1117 lactus
944 1077 1008 1117 est
1045 1071 1097 1118 ad
1135 1087 1171 1119 v.
1219 1072 1322 1120 289
1365 1073 1425 1119 his
1465 1073 1638 1119 sortasse
1671 1071 1827 1117 verbis:
1867 1071 1922 1116 Ut
1961 1086 2059 1116 vero
2107 1070 2297 1125 credatis,
2344 1086 2412 1116 me
2456 1086 2551 1116 vera
2600 1072 2726 1135 loqui,

214 1145 392 1206 aperiam
429 1143 543 1190 vobis
569 1159 637 1190 me
658 1159 749 1190 esse
776 1144 970 1191 Cererem
996 1145 1115 1193 deam
1137 1152 1215 1193 etc.
1242 1153 1320 1193 etc.
1361 1146 1558 1193 Ceterum
1595 1161 1680 1192 non
1714 1145 1985 1191 omittendum
2023 1151 2088 1189 est
2126 1143 2167 1189 in
2204 1160 2241 1189 v.
2283 1144 2387 1190 268
2419 1144 2726 1210 αἰὲν-ἤματα

215 1214 384 1265 πάντα
419 1233 503 1264 non
541 1217 595 1264 ita
627 1217 679 1265 ad
717 1217 888 1265 verbum
915 1220 1156 1267 vertendum
1183 1236 1287 1276 esse,
1321 1227 1370 1267 ut
1407 1237 1443 1268 v.
1482 1220 1603 1275 261,
1642 1219 1715 1267 sed
1754 1219 1889 1282 potius
1917 1219 1968 1267 de
2006 1219 2111 1265 vitae
2147 1224 2335 1281 tempore
2369 1220 2432 1265 vel
2471 1222 2636 1268 omnino
2676 1222 2727 1268 de

214 1290 398 1352 longiore
436 1293 632 1354 temporis
660 1292 790 1355 spatio
824 1293 1145 1355 intelligendum,
1182 1296 1242 1341 uti
1277 1295 1505 1342 sexcenties
1543 1294 1651 1341 idem
1689 1293 1846 1342 dicendi
1885 1309 2016 1355 genus
2055 1293 2107 1339 ab
2141 1294 2329 1340 Homero
2364 1302 2603 1358 usurpatur.
2666 1296 2727 1342 Cl.

214 1366 296 1413 od.
337 1367 449 1422 VIII,
488 1367 610 1415 468.
643 1368 715 1423 VI,
757 1362 876 1416 281.
904 1369 976 1425 Ν,
1020 1369 1140 1418 209.
1173 1370 1218 1418 ΙΙ.
1246 1371 1341 1427 XII,
1380 1368 1497 1419 133.
1523 1370 1639 1426 XIX,
1677 1368 1797 1416 226.
1839 1360 1994 1424 XXIII,
2024 1367 2144 1415 594.
2172 1368 2238 1425 al.,
2264 1383 2371 1432 quos
2403 1369 2516 1418 locos
2556 1370 2728 1418 contulit

212 1442 251 1488 J.
289 1442 344 1490 H.
390 1442 575 1490 Vossius.

1302 1537 1339 1568 v.
1381 1518 1486 1567 372
1529 1536 1619 1583 sqq.

802 1634 1436 1643 ———————
1476 1604 1644 1669 αὐτὰρ
1681 1603 1755 1662 ὅγ
1791 1603 1934 1678 αυτῇ

801 1687 952 1746 ροιης
989 1667 1172 1716 κόκκον
1206 1668 1357 1716 ε’δωκε
1394 1676 1577 1745 φαγεῖν
1610 1665 1849 1731 μελιήδεα
1881 1655 2048 1744 λάθόη

799 1731 935 1811 αΙΙίΓί
971 1739 991 1780 ἑ
1029 1731 1287 1811 νωμήσας,
1324 1734 1407 1781 ἵνα
1441 1732 1511 1811 μὴ
1552 1752 1689 1780 uevoc
1725 1733 1898 1797 ’ἤματα
1936 1731 2104 1780 πάντα

797 1796 930 1846 αὖθι
968 1797 1083 1864 πάθ’
1119 1798 1298 1865 αἰδοίῃ
1319 1782 1595 1863 Δημήτερι,
1630 1798 1976 1861 uticensem-walo

358 1895 425 1942 De
460 1909 585 1940 sensu
622 1893 742 1940 huius
780 1893 856 1939 loci
901 1899 942 1939 et
981 1894 1032 1940 de
1069 1908 1181 1940 nexu
1219 1894 1307 1939 eius
1342 1908 1437 1939 cum
1475 1893 1535 1948 iis,
1585 1908 1690 1956 quae
1738 1893 1986 1939 antecedunt
2024 1899 2066 1937 et
2103 1900 2344 1955 sequuntur,
2397 1893 2585 1940 universe
2638 1896 2717 1942 iam

212 1969 462 2032 disputatum
496 1975 560 2014 est
592 1968 631 2014 in
666 1968 725 2021 iis,
760 1985 865 2030 quae
902 1968 953 2014 de
990 1974 1235 2029 argumento
1261 1968 1396 2030 hymni
1421 1969 1550 2015 nostri
1585 1968 1861 2016 disseruimus.
1915 1968 1998 2015 Sed
2029 1974 2185 2014 restant
2219 1968 2307 2022 alia,
2345 1968 2397 2014 de
2423 1967 2574 2030 quibus
2611 1986 2723 2018 nunc

210 2050 396 2090 nostram
435 2043 676 2089 sententiam
711 2058 943 2104 proponere
980 2043 1108 2088 liceat.
1158 2044 1246 2088 Iam
1281 2043 1393 2104 quod
1436 2044 1489 2088 ad
1528 2046 1676 2106 ῥοιῆς
1712 2042 1895 2088 κόκκον
1931 2044 2086 2095 attinet,
2126 2043 2219 2088 nihil
2257 2042 2348 2088 addi
2396 2059 2520 2104 posse
2562 2045 2723 2093 videtur

214 2119 273 2173 iis,
313 2134 419 2181 quae
444 2118 562 2164 affert
595 2118 766 2163 Vossius
800 2118 825 2163 l.
861 2118 886 2163 l.
923 2134 961 2178 p.
1008 2116 1107 2163 105
1148 2133 1251 2180 sqq.,
1291 2117 1360 2179 qui
1393 2117 1472 2163 hoc
1505 2118 1669 2181 quidem
1705 2117 1796 2164 loco
1834 2134 1917 2163 non
1948 2117 2213 2179 cogitandum
2248 2133 2340 2164 esse
2379 2117 2432 2164 de
2461 2133 2586 2165 sensu
2615 2136 2720 2182 quo-

214 2194 307 2240 dam
342 2209 491 2239 arcano
529 2208 576 2238 ac
607 2192 772 2239 notione
806 2192 986 2254 mystica,
1026 2208 1132 2254 quae
1172 2194 1319 2256 ῥοιῆς
1357 2191 1518 2257 κόκκῳ
1559 2192 1788 2255 posteriore
1833 2199 2017 2254 tempore
2061 2191 2324 2239 tribuebatur
2374 2193 2439 2255 (cl'.
2493 2186 2616 2241 Pausi
2667 2198 2720 2251 11,

218 2267 299 2321 17,
334 2268 381 2313 4.
418 2267 546 2313 Clem.
585 2267 707 2312 Alex.
742 2267 865 2313 Adm.
912 2267 1000 2313 adv.
1027 2274 1138 2327 gent.
1175 2284 1213 2328 p.
1257 2267 1337 2313 12.
1388 2268 1547 2314 Arnob.
1582 2269 1623 2314 V
1658 2284 1697 2330 p.
1741 2268 1854 2313 164.
1906 2267 2105 2328 Porphyr.
2142 2268 2194 2313 de
2238 2267 2402 2313 Abstin.
2439 2269 2500 2313 IV
2526 2285 2565 2330 p.
2595 2268 2719 2333 353)

213 2342 436 2388 rectissime
472 2341 626 2388 statuit.
661 2341 743 2387 Sed
783 2342 858 2387 hac
884 2342 935 2388 de
960 2357 1006 2387 re
1033 2342 1236 2409 neminem
1272 2341 1555 2388 dubitaturum
1581 2358 1672 2389 esse
1707 2357 1849 2403 spero:
1889 2342 2018 2386 maior
2052 2357 2151 2388 vero
2197 2342 2413 2387 difficultas
2440 2343 2478 2387 in
2515 2343 2573 2396 iis,
2613 2362 2718 2408 quae

213 2424 456 2478 sequuntur,
490 2416 625 2462 verbis
653 2413 861 2480 λάθρη
900 2416 931 2462 οἷ
947 2416 1064 2481 μφὶ
1093 2422 1114 2462 ε’·
1141 2435 1215 2462 νω
1230 2435 1266 2477 Διι
1281 2413 1311 2481 ή
1328 2433 1402 2463 σα
1421 2435 1462 2474 ς,
1496 2418 1613 2470 inest,
1640 2433 1744 2479 quae
1778 2416 1840 2460 alii
1867 2417 1941 2461 alia
1967 2415 2293 2478 interpretantur
2331 2418 2501 2463 ratione.
2535 2419 2717 2467 Primum

213 2490 401 2536 dubitare
426 2492 520 2536 licet
561 2491 612 2536 de
657 2490 996 2551 interpunctione,
1036 2507 1163 2552 quum
1201 2491 1290 2536 cod.
1338 2507 1413 2536 ms.
1458 2507 1592 2553 neque
1634 2497 1727 2536 ante
1766 2505 1841 2535 ncc
1887 2498 1982 2552 post
2020 2488 2189 2555 λάθρη
2246 2492 2511 2538 distinctionis
2556 2494 2716 2554 signum

213 2564 372 2611 habeat.
398 2565 601 2626 Equidem
626 2565 779 2625 Ilgenio
807 2572 849 2611 et
882 2564 1195 2611 Mitscherlichio
1234 2565 1578 2611 consentientibus
1617 2565 1719 2610 hanc
1762 2580 1905 2610 vocem
1940 2565 2196 2620 referendam
2245 2581 2335 2611 esse
2371 2573 2471 2628 puto
2506 2566 2555 2611 ad
2582 2568 2716 2633 ἀμφί

215 2643 236 2684 εἴ
272 2635 529 2701 νωμήσας,
565 2646 612 2684 ut
648 2640 698 2685 sit
731 2642 848 2692 clam,
895 2641 1095 2693 insidiose,
1122 2643 1408 2701 fraudulenter
1443 2639 1506 2701 (cs.
1543 2640 1623 2684 Od.
1656 2640 1791 2693 XVII,
1841 2639 1942 2699 80).
1987 2639 2147 2685 Deinde
2192 2640 2242 2685 de
2277 2640 2520 2703 explicandis
2583 2643 2717 2688 verbis

215 2709 380 2775 ἀμφί
415 2716 436 2757 ε’
469 2709 1030 2776 νωμήσαςῐηειςηοροῑθ
1085 2715 1190 2759 inter
1241 2731 1285 2760 se
1334 2715 1574 2760 dissentiunt
1618 2714 1687 2758 viri
1731 2714 1854 2767 docti,
1909 2731 2087 2776 quorum
2153 2715 2198 2766 is,
2251 2715 2318 2777 qui
2357 2729 2570 2760 censuram
2627 2717 2717 2763 libri

212 2784 358 2830 Matth.
393 2785 550 2848 scripsit
588 2785 612 2830 l.
648 2785 673 2831 l.
713 2803 752 2849 p.
793 2787 857 2834 76
888 2788 1209 2834 emendationem
1250 2790 1453 2851 proponit,
1488 2795 1535 2833 ut
1561 2789 1656 2834 mihi
1693 2789 1866 2842 videtur,
1905 2790 2021 2834 nimis
2059 2789 2266 2841 audacem,
2306 2788 2564 2833 scribendum
2605 2794 2713 2837 enim

216 2866 356 2905 censet
395 2861 419 2901 ε’
431 2873 459 2901 ν
496 2858 570 2919 νῷ
605 2855 962 2916 μειδιάσας
997 2861 1059 2923 (cs.
1089 2863 1292 2908 Theocrit.
1329 2865 1361 2915 I,
1397 2863 1463 2908 96
1508 2859 1700 2928 λάθρια
1739 2861 1996 2925 γελάσασα)
2036 2865 2073 2909 id
2122 2865 2231 2926 quod
2274 2878 2418 2909 vereor
2451 2878 2503 2907 ne
2542 2868 2718 2929 scriptor

213 2934 349 2996 hymni
388 2932 517 2979 nostri
552 2930 685 2976 dicere
712 2950 796 2978 non
822 2935 1013 2997 potuerit,
1052 2938 1168 3000 quod⁸
1198 2937 1304 2982 enim
1349 2937 1586 2999 exemplum
1624 2938 1742 2983 affert
1775 2939 1919 2999 fragm.
1956 2939 2123 3001 Orphic.
2166 2953 2306 2983 versus
2349 2956 2413 3000 ap.
2449 2938 2633 2986 Gessner
2679 2960 2717 3005 p.

215 3007 319 3055 380
348 3024 387 3055 n.
421 3008 501 3063 16,
529 3010 560 3055 4
580 3007 779 3074 μείδησ’
798 3011 869 3057 ἐνὶ
895 3014 1041 3077 θυμῷ
1076 3012 1114 3058 id
1141 3012 1193 3057 ab
1205 3013 1423 3057 Homerica
1446 3013 1620 3058 dic-tione
1643 3014 1760 3058 nimis
1780 3013 1974 3058 abhorret
1995 3021 2035 3057 et
2057 3013 2162 3056 haud
2187 3011 2308 3057 dubie
2329 3013 2491 3058 serioris
2520 3020 2719 3080 temporis

213 3090 288 3129 est.
338 3084 473 3128 Ceteri
509 3085 753 3144 interpretes
780 3089 818 3133 in
849 3089 1083 3151 explicanda
1115 3089 1318 3133 locutione
1357 3088 1491 3152 ἀμφί
1528 3094 1548 3134 ε’·
1588 3086 1827 3152 νωμήσας
1862 3105 2026 3150 operam
2053 3097 2311 3133 consumunt.
2347 3092 2492 3149 Itaque
2514 3093 2719 3153 optimum

214 3160 303 3212 erit,
356 3159 593 3220 priusquam
628 3174 762 3206 meam
801 3164 1041 3209 sententiam
1083 3178 1321 3225 proponam,
1378 3162 1588 3223 opiniones
1629 3163 1809 3208 virorum
1858 3165 2071 3209 doctorum
2116 3163 2168 3208 de
2218 3163 2279 3207 his
2318 3164 2450 3209 verbis
2491 3180 2721 3215 recensere,

215 3228 379 3278 Initium
404 3233 545 3278 faciam
583 3231 636 3277 ab
674 3237 711 3280 J.
752 3239 807 3282 Η.
842 3239 1003 3291 vossio,
1040 3240 1106 3301 qui
1135 3238 1251 3283 vertit
1295 3239 1398 3283 dum
1419 3254 1506 3283 eam
1543 3253 1667 3298 prope
1695 3254 1735 3283 se
1763 3240 1946 3288 traheret,
1965 3236 2171 3298 explicans
2202 3236 2443 3303 νωμήσας
2466 3256 2543 3303 per
2572 3262 2722 3304 προσ-

225 3311 544 3373 αγαγόμενος
591 3306 797 3374 (Xenoph.
836 3312 986 3375 Cyrop.
1029 3315 1140 3367 VIII,
1191 3313 1237 3365 4,
1285 3312 1369 3358 26.
1418 3312 1689 3373 Theoplirast.
1740 3312 1912 3356 charact.
1958 3312 2025 3372 V),
2066 3312 2117 3357 ita
2153 3319 2200 3357 ut
2252 3315 2387 3383 ἀμφί
2425 3326 2447 3365 ἑ
2483 3318 2723 3385 νωμήσας
