2985 3651
1297 153 1631 203 ...7-

216 311 302 348 non
327 297 507 361 cogitare
543 294 675 342 video.
712 295 899 342 Primum
923 295 1002 343 hoc
1028 296 1197 346 offendit
1232 296 1515 351 Matthheum,
1554 296 1667 360 quod
1704 311 1834 360 quum
1857 308 1896 343 v.
1924 294 2028 343 297
2070 311 2160 360 sqq.
2186 296 2413 343 exstructio
2446 293 2590 358 templi
2631 308 2726 342 nar·

217 381 308 421 rata
344 377 467 425 esset,
506 369 584 416 dea
629 385 667 417 v.
710 369 817 416 304
865 371 1067 433 templum
1103 386 1226 418 suum
1262 372 1437 419 insidere
1475 372 1694 425 diceretur,
1740 371 1815 434 ipsi
1851 377 1991 417 tamen
2027 371 2131 417 ritus
2170 378 2265 434 post
2307 377 2519 434 receptam
2551 371 2725 416 demum

219 449 343 494 filiam
379 462 417 492 v.
456 443 563 490 476
591 450 934 501 monstrarentur,
974 458 1116 509 quum,
1153 446 1225 492 ubi
1262 447 1364 493 deus
1402 447 1545 510 aliquis
1582 446 1625 491 in
1661 446 1756 492 sano
1790 437 1867 492 suo
1886 452 2133 499 versaretur,
2171 460 2268 490 eum
2305 446 2426 490 etiam
2463 444 2575 490 haud
2602 443 2727 490 dubie

219 520 335 568 donis
372 518 425 565 ab
462 518 694 566 hominibus
731 536 827 566 cum
864 520 985 566 certis
1024 520 1267 583 quibusdam
1304 513 1449 567 ritibus
1494 521 1641 567 oblatis
1677 521 1756 567 frui
1802 527 2022 567 constaret.
2061 520 2147 567 Sed
2183 519 2336 565 nullam
2372 520 2487 566 video
2525 534 2729 573 caussam,

219 610 294 640 cur
331 609 446 639 sacra
483 593 625 639 fecisse
659 595 890 641 Eleusinios
928 595 979 641 ad
1030 595 1130 642 deae
1167 596 1269 641 iram
1318 595 1557 658 placandam
1606 611 1691 641 non
1741 595 1969 650 credamus,
2022 595 2180 640 etiamsi
2227 594 2268 640 id
2314 595 2482 658 lactum.
2512 608 2605 640 esse
2641 608 2728 639 non

220 669 372 715 diserte
409 683 433 714 a
469 672 593 731 potita
630 675 775 716 nostro
812 675 1017 715 narretur.
1056 670 1116 716 ef.
1154 686 1192 716 v.
1233 669 1356 717 293.
1393 671 1452 718 Et
1488 684 1603 716 sacra
1640 670 1806 732 quidem
1844 670 1934 716 fieri
1970 669 2153 732 potuisse
2183 668 2330 715 ritibus
2369 668 2442 714 illis
2465 667 2727 715 sanctissimis

219 758 243 788 a
281 743 435 788 Cerere
471 744 657 790 nondum
693 745 930 789 monstratis
967 745 1170 790 neminem
1209 760 1363 806 negare
1399 745 1640 807 putaverim.
1692 744 1950 791 Versabatur
1985 745 2028 789 in
2063 745 2218 805 templo
2257 758 2334 788 suo
2373 743 2513 795 Ceres,
2551 743 2624 788 sed
2662 757 2727 787 sa·

219 831 387 862 crorum
424 817 798 879 sacrificiorumque
833 817 887 862 ab
923 818 1154 865 hominibus
1195 819 1429 865 oblatorum
1465 819 1619 865 nullam
1654 818 1835 863 habebat
1871 818 2085 871 rationem,
2123 817 2259 863 omnia
2296 817 2406 862 enim
2441 817 2527 862 eius
2566 816 2728 877 generis

220 890 313 936 odio
339 890 376 936 ei
412 890 537 936 fuisse
573 907 629 937 ex
664 890 851 938 versibus
887 891 986 938 illis:
2719 899 2721 901 ’

609 1000 1450 1016 —————————
1487 976 1621 1043 οἷτάρ
1658 977 1828 1042 ξανθὴ
1864 972 2115 1043 Δημήτηρ

609 1038 744 1088 ἔνθα
797 1040 1115 1120 καθεζομένη
1151 1039 1392 1108 μακάρων
1432 1041 1727 1108 ἀπονόσφιν
1759 1040 2001 1091 ἁπάντων

614 1105 765 1168 μίμνε
809 1104 962 1170 πόθῳ
995 1110 1300 1168 μινυθουσα
1334 1104 1661 1167 βαθυζώνοιο
1690 1106 1976 1172 θυγατρός.

221 1200 299 1262 (Cs.
336 1213 374 1246 v.
414 1196 521 1245 355
563 1199 669 1262 sqq.)
706 1199 818 1245 haud
856 1198 979 1245 dubie
1016 1201 1149 1263 colligi
1185 1209 1337 1264 potest.
1374 1200 1622 1248 Matthiaeus
1645 1201 1722 1247 hac
1757 1199 1916 1247 ratione
1953 1201 2102 1247 ductus
2141 1202 2276 1246 statim
2299 1199 2520 1253 contendit,
2558 1215 2582 1246 a
2607 1215 2730 1247 versu

220 1274 327 1321 306
376 1289 531 1321 novum
568 1280 611 1320 et
648 1290 672 1320 a
709 1274 968 1335 praecedenti
1007 1275 1211 1322 diversum
1248 1293 1413 1323 carmen
1450 1277 1640 1337 incipere,
1678 1289 1804 1337 quam
1841 1276 2116 1322 coniecturam
2154 1291 2206 1321 eo
2244 1276 2368 1321 etiam
2406 1275 2573 1321 stabiliri
2599 1282 2732 1336 putat,

220 1347 333 1411 quod
369 1347 412 1395 in
448 1347 675 1410 posteriore
712 1346 849 1410 hymni
886 1355 1004 1411 parte
1040 1349 1158 1396 nimis
1197 1350 1435 1398 festinanter
1470 1350 1606 1397 omnia
1642 1355 1808 1397 narrata
1844 1349 1908 1396 vel
1929 1349 2070 1395 leviter
2110 1350 2246 1412 potius
2284 1356 2393 1395 tacta
2431 1356 2474 1395 et
2520 1349 2735 1410 perstricta

220 1424 323 1476 sint;
361 1422 544 1483 neglexit
582 1428 721 1468 autem
758 1423 1022 1469 festinationis
1060 1424 1250 1486 exempla
1287 1425 1447 1477 afferre,
1486 1425 1602 1469 cuius
1640 1436 1694 1470 ne
1731 1423 1899 1484 vestigia
1937 1423 2102 1486 quidem
2141 1424 2313 1469 invenio.
2387 1423 2494 1469 Nam
2531 1423 2643 1485 quod
2669 1423 2734 1468 ille

218 1498 325 1560 dicit,
370 1497 503 1543 iacere
527 1496 797 1559 Proserpinae
833 1496 1110 1543 narrationem
1159 1513 1196 1543 v.
1246 1496 1369 1552 407,
1414 1497 1455 1544 id
1502 1495 1626 1542 credo
1675 1501 1833 1542 temere
1884 1512 1981 1543 eum
2027 1498 2364 1559 pronuntiavisse.
2418 1497 2517 1544 Mihi
2565 1497 2731 1560 quidem

218 1571 320 1618 haec
351 1566 531 1618 narratio
570 1570 777 1633 aptissime
816 1569 881 1616 hic
905 1570 1057 1617 inserta
1092 1571 1254 1618 videtur
1290 1584 1395 1627 esse,
1434 1585 1564 1635 quum
1601 1570 1727 1617 Ceres
1763 1570 1852 1634 ipsa
1890 1584 1944 1617 ex
1982 1569 2063 1617 filia
2101 1571 2367 1634 quaesivisset

678 1662 764 1712 καὶ
799 1662 903 1711 τίνι
939 1660 1275 1729 σ’ἐξαπάτησε
1314 1660 1445 1729 δόλῳ
1479 1664 1721 1729 κρατερὸς
1753 1663 2131 1727 Πολυὸε’γμων;

220 1777 345 1824 quam
381 1758 745 1818 interrogationem
781 1775 867 1804 non
904 1757 957 1803 ad
993 1758 1101 1803 illam
1139 1758 1336 1812 fraudem,
1374 1774 1499 1819 quam
1535 1760 1660 1805 Pluto
1698 1776 1828 1820 grano
1865 1761 2025 1822 puellae
2062 1760 2160 1805 dato
2200 1767 2423 1814 struxerat,
2476 1761 2550 1806 sed
2586 1761 2638 1807 ad
2662 1777 2730 1806 ra·

219 1840 340 1897 ptum
376 1832 583 1896 pertinere
619 1832 700 1879 iam
737 1831 927 1880 viderunt
950 1831 1015 1878 alii
1043 1831 1300 1894 interpretes.
1340 1830 1401 1879 Cf.
1428 1831 1545 1894 Ilgen
1567 1832 1617 1880 ad
1650 1832 1693 1880 h.
1729 1832 1755 1880 l.
1772 1851 1865 1896 pag.
1894 1833 2016 1881 554.
2056 1834 2176 1895 2305,
2210 1835 2386 1897 bymne
2418 1850 2476 1885 aa
2508 1837 2730 1889 Demeter,

219 1909 569 1974 (Erlfiutetungen
602 1925 643 1971 p.
687 1905 806 1955 115.
844 1906 1085 1970 Respondet
1123 1907 1247 1969 igitur
1283 1907 1529 1970 Proserpina
1566 1909 1661 1956 huic
1698 1909 2007 1970 interrogationi
2044 1926 2080 1956 v.
2122 1908 2227 1955 416
2270 1925 2384 1971 sqq.-
2433 1909 2555 1964 Quae
2589 1918 2732 1958 autem

220 1982 474 2046 praecedunt
509 1981 648 2037 verba,
685 1982 732 2029 iis
769 1983 1046 2044 respondetur
1082 1983 1237 2043 primae
1282 1982 1423 2029 matris
1467 1983 1775 2045 interrogationi
1825 1984 1877 2045 (v.
1918 1982 2055 2046 393),
2103 1999 2228 2045 quam
2276 1983 2317 2028 in
2363 1983 2503 2044 codice
2548 1985 2732 2032 Moscov.

220 2057 449 2105 mutilatam
484 2055 699 2111 habemus,
735 2056 792 2103 ita
811 2062 967 2114 tamen
1003 2056 1244 2110 mutilatam,
1280 2062 1341 2111 ut,
1380 2056 1479 2120 quid
1515 2058 1650 2105 dicere
1689 2058 1864 2104 voluerit
1900 2063 2035 2122 poeta,
2073 2057 2185 2103 facile
2222 2056 2363 2103 coniici
2400 2057 2544 2121 possit.
2582 2058 2732 2105 Nullus

224 2132 331 2178 enim
370 2131 527 2184 dubito,
566 2131 664 2192 quin
688 2147 831 2177 versus
871 2129 976 2177 393
1018 2131 1081 2177 vel
1119 2146 1214 2177 cum
1251 2132 1289 2177 J.
1326 2131 1383 2176 H.
1422 2132 1571 2179 Vossio
1610 2132 1863 2195 supplendus
1901 2134 1972 2178 sit:

748 2228 940 2298 ve'n'vov,
989 2220 1058 2287 μή
1112 2221 1172 2288 ῥά
1217 2224 1270 2271 τί
1304 2222 1351 2286 μ’
1384 2226 1461 2284 (οι
1497 2223 1666 2274 ἐπάσω
1702 2231 1801 2290 τῆς
1834 2229 1908 2273 εἰν
1941 2225 2136 2285 Ἀίδαο)

563 2359 573 2368 ,
746 2292 975 2356 βρωμης;
1872 2292 1877 2296 ’

225 2360 288 2407 vel
313 2372 408 2408 cum
444 2359 625 2421 Ilgemoz
781 2410 783 2412 ,

748 2431 941 2487 τέκνον,
973 2425 1042 2493 μή
1080 2425 1141 2495 ῥά
1175 2426 1229 2478 τί
1262 2445 1351 2492 μοι
1385 2426 1561 2498 πάσσῃ
1597 2432 1775 2495 ἐνέρων
1800 2426 1919 2494 παρ’
1954 2426 2142 2477 ἄνακτι

746 2490 916 2560 βρώμη
925 2508 967 2552 ς·

372 2587 534 2635 Deinde
556 2586 673 2634 valde
709 2586 890 2650 ineptam
925 2601 1018 2633 esse
1041 2587 1147 2633 hanc
1181 2587 1470 2644 narrationem,
1493 2587 1641 2635 nemini
1677 2586 1801 2633 credo
1825 2586 2075 2634 Matthiaeus
2113 2586 2391 2650 persuadebit:
2416 2587 2618 2636 levitatem
2647 2588 2735 2652 qui-

226 2661 335 2718 dem,
360 2677 485 2726 quam
520 2663 587 2707 ille
610 2662 812 2724 reperisse
848 2661 924 2706 sibi
959 2662 1132 2717 videtur,
1169 2663 1323 2708 nullam
1359 2663 1490 2717 video,
1527 2668 1570 2708 et
1606 2662 1720 2726 quod
1744 2662 1876 2708 oratio
1912 2662 1955 2708 in
1991 2662 2133 2709 mediis
2165 2663 2410 2709 clamoribus
2446 2663 2653 2715 subsistat,
2690 2663 2733 2709 in

224 2738 307 2785 hoe
341 2737 439 2784 nihil
474 2737 626 2783 mirum
649 2736 783 2782 inesse
819 2741 937 2798 puto,
975 2738 1081 2800 quid.
1111 2737 1219 2783 enim
1256 2738 1429 2801 amplius
1452 2742 1639 2784 narraret
1673 2737 1951 2801 Proserpina?
1987 2738 2178 2802 Denique
2203 2738 2317 2801 quod
2334 2737 2578 2783 Matthiaeus
2598 2743 2732 2800 putat,

225 2813 386 2859 bonum
420 2812 488 2858 vel
501 2812 752 2857 mediocrem
788 2811 910 2856 etiam
946 2817 1113 2875 poetam
1147 2812 1191 2858 in
1227 2813 1375 2858 eodem
1411 2812 1590 2858 carmine
1627 2812 1785 2869 eadem,
1823 2826 1931 2877 quae
1955 2814 2036 2858 iam
2073 2821 2193 2858 antea
2230 2812 2389 2865 dixerit,
2426 2812 2590 2857 minime
2609 2827 2731 2876 repe·

226 2890 402 2933 titurum
425 2888 562 2942 fuisse,
600 2887 697 2931 satis
733 2887 872 2930 mirari
894 2903 978 2933 non
1000 2903 1184 2949 possum.
1209 2889 1389 2932 Tantum
1425 2888 1533 2932 enim
1558 2887 1690 2943 abest,
1734 2895 1786 2933 ut
1821 2889 1864 2934 in
1897 2903 1947 2934 ea
1982 2901 2030 2932 re
2063 2888 2277 2934 difficultas
2299 2886 2499 2948 quaedam
2536 2886 2644 2941 insit,
2682 2893 2733 2932 ut

227 2965 462 3008 Homerum
497 2962 607 3009 idem
624 2962 853 3006 sexcenties
878 2963 1018 3007 secisse
1049 2968 1195 3006 notum
1220 2963 1272 3006 sit
1295 2961 1497 3007 omnibus.
1522 2963 1666 3024 Atque
1701 2978 1756 3008 ne
1788 2964 1870 3008 hoc
1901 2963 2066 3026 quidem
2102 2976 2243 3005 verum
2277 2966 2354 3012 est,
2400 2965 2568 3022 poetam
2607 2963 2736 3021 plane

228 3037 373 3082 eadem
395 3037 621 3097 repetiisse,
647 3050 777 3097 quum
800 3037 1074 3082 narrationem
1098 3052 1135 3081 v.
1163 3036 1269 3081 414
1297 3051 1387 3097 sqq.
1425 3037 1604 3082 multum
1637 3037 1802 3084 differre
1834 3038 1888 3082 ab
1913 3038 1978 3081 illa
2002 3037 2043 3080 in
2067 3035 2176 3080 initio
2198 3033 2384 3078 carnunis
2422 3035 2731 3096 comparatione

229 3111 337 3158 inter
359 3115 581 3173 utramque
604 3111 710 3156 sacta
745 3108 893 3172 cuique
930 3110 1138 3157 fatendum
1175 3109 1239 3155 sit.
1300 3105 1440 3156 Unum
1491 3117 1568 3165 est,
1615 3111 1729 3175 quod
1774 3115 1916 3164 restat,
1962 3109 2183 3170 legationes
2228 3106 2321 3153 illae
2365 3106 2495 3162 Iridis,
2532 3108 2735 3163 Hecatae,

229 3186 386 3242 Rheae,
407 3199 515 3247 *quas*
532 3183 779 3237 Ruhnkenio
796 3183 929 3230 Praei.
952 3200 1046 3246 pag.
1066 3184 1162 3232 vm
1204 3190 1430 3246 praeeunte
1449 3184 1699 3232 Matthiaeus
1735 3187 1867 3232 iacere
1905 3183 2010 3230 dicit.
2047 3181 2133 3227 Sed
2147 3197 2233 3227 non
2254 3179 2385 3235 video,
2408 3181 2621 3243 quomodo
2647 3183 2740 3246 quis

230 3259 313 3309 tale
335 3258 434 3322 quid
469 3256 718 3305 contendere
753 3257 912 3319 possit?
986 3258 1062 3305 Iris
1098 3274 1136 3304 v.
1175 3255 1280 3303 315
1320 3258 1497 3306 mittitur
1533 3275 1558 3305 a
1596 3260 1707 3315 Iove,
1742 3264 1793 3305 ut
1830 3258 2024 3304 Cererem
2073 3261 2275 3302 arcessat:
2313 3254 2441 3302 Ceres
2478 3261 2634 3310 autem,
2672 3257 2733 3302 ira

231 3333 409 3398 odioque
444 3332 568 3382 nimio
592 3332 786 3390 incensa,·
804 3338 969 3380 recusat
1003 3348 1140 3395 neque
1177 3331 1229 3378 ab
1264 3332 1432 3397 reliquis
1469 3334 1542 3382 diis
1581 3334 1617 3382 ei
1654 3331 1889 3396 persuaderi
1914 3336 2064 3394 potest,
2101 3336 2150 3376 ut
2174 3329 2228 3377 ad
2260 3330 2489 3394 Olympum
2525 3330 2579 3394 (v.
2618 3329 2726 3378 326
