2985 3651
1329 188 1691 238 -ι4...

237 333 402 396 probari
443 331 583 394 possit.
635 329 754 375 Unde
792 328 993 390 sequitur,
1019 329 1223 376 Fonteinii
1262 331 1540 376 coniecturam
1576 345 1667 375 esse
1706 329 1993 391 accipiendam,
2028 330 2181 392 quippe
2204 346 2314 393 quae
2339 332 2539 393 optimum
2567 331 2762 394 praebeat

236 424 415 454 sensum.
468 406 587 459 Quae
606 404 753 450 deinde
792 403 985 450 dicuntur
1020 404 1398 468 περιπλομένων
1432 407 1695 460 ἐνιαυτῶν,
1730 418 1777 449 ea
1798 403 2022 449 Homerico
2057 419 2175 450 more
2201 405 2357 452 adiecta
2384 412 2493 453 sunt.
2531 406 2591 453 Cf.
2625 407 2761 469 intptt.

234 484 360 529 Hom.
396 482 531 542 hymn.
571 479 612 524 in
648 477 789 541 Apoll.
825 494 862 523 v.
905 475 1036 524 350:

753 560 850 626 ’Ἀψ
887 563 1307 626 περιτελλομένου
1345 563 1501 618 ἔτεος,
1538 578 1622 608 και
1659 557 1928 624 ἐπήλυθον
1962 558 2106 624 ὧραι.

383 650 466 697 Sed
505 650 607 695 haec
640 655 738 695 sunt
771 648 945 694 leviora:
974 649 1177 694 maximae
1203 648 1460 694 difficultates
1494 647 1536 693 in
1574 646 1633 699 iis,
1678 645 1747 707 qui
1781 652 1954 701 restant,
1991 645 2175 693 versibus
2210 646 2362 703 insunt,
2386 649 2536 711 quibus
2563 650 2763 697 adductus

234 725 410 787 Ilgenius
436 731 573 770 totum
612 724 722 769 hunc
748 724 887 769 locum
927 740 982 769 ex
1018 731 1116 769 nota
1153 723 1361 784 marginali
1413 737 1658 784 expressum
1685 728 1837 767 censet.
1874 721 2020 768 Codex
2056 738 2130 768 ms.
2171 722 2316 770 habet:
2357 723 2468 772 αἰὲν
2516 730 2569 772 ἐν
2613 722 2762 790 οἷλλή·

234 802 366 845 λοισι
407 795 794 862 συναυξήσουσ’
833 796 1008 861 ἤματα
1046 793 1230 853 πάντα,
1263 798 1439 858 llgenius
1478 794 1777 857 elegantissime
1825 796 2054 842 emendavit
2094 813 2167 845 συ
2187 796 2378 856 νάξου
2396 800 2457 858 σ’,
2530 801 2578 847 cl.
2629 802 2673 847 Il.
2712 803 2764 853 11,

234 873 333 919 381
385 872 468 919 ἵνα
526 869 823 934 ξυνάγωμεν
861 870 1014 936 Ἄρηα
1049 873 1165 926 xlv,
1218 872 1321 917 448
1379 868 1605 930 σύναγον
1639 870 1887 935 κρατερὴν
1922 871 2161 938 ὑσμίνην.
2198 875 2408 937 Significat
2460 876 2583 937 igitur
2641 880 2763 939 pocta

230 947 534 1010 Demophontis
569 953 706 993 aetate
744 945 898 992 bellum
926 946 1036 991 civile
1071 946 1176 991 inter
1206 946 1436 992 Eleusinios
1474 947 1689 999 exarsisse,
1735 947 1848 992 cuius
1878 947 2030 993 nullam
2058 962 2193 1010 neque
2232 949 2284 996 ab
2320 951 2582 997 historiarum
2628 965 2765 1013 neque

231 1040 253 1068 a
302 1022 535 1068 fabularum
582 1022 903 1084 mythorumque
953 1021 1220 1083 scriptoribus
1270 1021 1521 1067 mentionem
1565 1022 1652 1067 ficri
1697 1023 1774 1067 iam
1813 1022 2029 1067 Ruhnken.
2074 1023 2367 1070 animadvertit.
2445 1027 2502 1070 At
2539 1025 2629 1070 ideo
2681 1041 2765 1070 non

232 1096 451 1143 eiiciendos
491 1111 582 1142 esse
618 1096 693 1142 hos
732 1110 874 1141 versus
906 1094 986 1140 iam
1022 1095 1117 1140 vidit
1151 1096 1337 1149 Vossius,
1377 1096 1447 1158 qui
1491 1097 1645 1158 optime
1684 1097 1734 1141 de
1770 1102 1861 1141 toto
1896 1096 1974 1141 hoc
2015 1097 2104 1141 loco
2144 1098 2374 1159 disputavit,
2423 1115 2559 1160 neque
2595 1101 2619 1143 ii
2672 1115 2764 1161 pro-

233 1170 356 1217 bandi
398 1176 507 1223 sunt,
543 1170 613 1231 qui
654 1174 708 1215 έν
743 1167 1009 1233 ἀλλήλοισι
1049 1174 1088 1217 in
1127 1169 1451 1233 Ἀθηναίοισι
1489 1177 1649 1216 mutato
1677 1170 1871 1215 Cererem
1897 1171 1957 1215 his
1984 1171 2117 1216 verbis
2145 1172 2299 1218 bellum
2337 1174 2641 1218 Eleusiniorum
2672 1189 2765 1218 cum

233 1243 572 1297 Atheniensibus,
598 1243 714 1305 quod
752 1243 832 1290 hoc
864 1250 1052 1306 tempore
1091 1250 1255 1305 gestum
1294 1259 1385 1291 esse
1425 1260 1478 1291 ex
1518 1245 1709 1307 Apollod.
1746 1246 1832 1299 111„
1879 1244 1959 1298 15,
1995 1246 2026 1290 4
2086 1246 2136 1307 (v.
2173 1262 2278 1309 quos
2315 1247 2453 1292 laudat
2492 1249 2637 1310 Heyne
2664 1247 2764 1292 Ani-

233 1320 410 1366 madvss.
442 1335 480 1380 p.
524 1316 649 1379 339)
685 1324 860 1370 constat,
894 1318 1129 1379 praesagire
1163 1324 1323 1380 putant.
1372 1319 1507 1364 Aliam
1551 1320 1828 1364 coniecturam
1867 1320 2021 1380 profert
2056 1335 2202 1365 censor
2241 1322 2329 1365 libri
2366 1321 2513 1367 Matth.
2554 1323 2577 1367 Ι.
2615 1322 2639 1366 l.
2673 1338 2765 1383 pag.

237 1394 322 1448 75,
349 1410 431 1457 qua
459 1393 497 1439 hi
534 1392 618 1440 duo
667 1408 808 1439 versus
848 1392 887 1438 in
926 1408 1057 1439 unum
1092 1392 1395 1439 contrahuntur

763 1505 956 1555 ωοῃσιν
990 1486 1136 1552 ὃᾶοα
1167 1487 1329 1547 vovyc,
1366 1490 1742 1553 πεοιπλοιιενων
1776 1492 2024 1537 ενιαυτιῦι

757 1540 945 1610 παῖδες
980 1532 1294 1600 Ἐλευσινίων
1331 1558 1516 1611 συναε’;
1500 1552 1634 1601 ovo'
1674 1551 1846 1618 ἠίιατα
1886 1549 2053 1600 πάντα

231 1663 278 1703 ut
317 1656 453 1702 cultus
497 1655 801 1716 Demophontis
839 1656 903 1716 (cl'.
950 1671 986 1700 v.
1027 1655 1132 1699 264
1171 1654 1293 1718 τιυή
1335 1654 1615 1718 δ’ἄφθιτος
1639 1652 1750 1698 αἰὲν
1784 1653 2066 1712 επεσσεται)
2111 1653 2175 1698 hic
2212 1654 2479 1700 describatur.
2531 1656 2588 1699 At
2639 1655 2764 1700 multa

234 1737 344 1783 sunt,
396 1744 505 1791 quae
541 1735 686 1774 contra
732 1729 835 1774 hanc
888 1730 1168 1774 coniecturam
1219 1729 1294 1774 dici
1335 1737 1519 1790 possunt.
1570 1729 1754 1773 Primum
1802 1727 1868 1771 illo
1902 1724 1999 1789 ἄρα
2040 1727 2079 1771 in
2126 1728 2237 1773 initio
2281 1730 2506 1774 sententiae
2550 1729 2764 1789 significari

232 1805 406 1857 videtur,
446 1806 614 1865 poetam
650 1802 703 1847 ad
741 1803 860 1848 aliam
885 1817 974 1848 rem
1018 1804 1206 1855 transire,
1241 1804 1385 1848 deinde
1421 1801 1624 1869 ὥρῃσιν,
1663 1801 1761 1863 quid
1797 1801 1860 1853 sit,
1897 1801 2060 1860 intelligi
2102 1819 2186 1846 non
2224 1810 2374 1863 potest,
2415 1819 2551 1864 neque
2587 1803 2756 1849 Hesiod.

231 1880 392 1939 Theog.
441 1894 475 1922 v.
529 1876 595 1921 58
643 1892 747 1939 sqq„
783 1893 910 1938 quem
953 1878 1127 1922 conferri
1164 1877 1291 1930 iubet,
1340 1878 1448 1923 aliud
1485 1877 1710 1938 quidquam
1763 1874 1950 1926 efficitur,
1986 1875 2058 1919 nisi
2095 1876 2284 1937 coniungi
2320 1876 2573 1932 ἐνιαυτόν,
2607 1874 2760 1941 αἴρας,

236 1948 423 2016 μηνάς,
459 1949 651 2015 ἤματα,
687 1948 883 2018 ὥρῃσιν
918 1968 1015 1997 vero
1052 1952 1165 1997 nullo
1192 1952 1319 1997 verbo
1345 1952 1504 1997 adiecto
1540 1966 1706 1996 sensum
1756 1948 1907 1994 habere
1956 1949 2048 1994 iude
2086 1967 2170 1995 non
2204 1951 2401 2012 sequitur.
2453 1951 2642 2012 Denique
2679 1968 2761 1997 non

233 2032 418 2087 apparet,
445 2023 657 2085 quomodo
684 2025 783 2070 illud
810 2024 1031 2087 πόλεμον
1066 2026 1149 2072 καὶ
1189 2023 1417 2090 φύλοπιν
1451 2023 1571 2089 αἰνή
1583 2044 1608 2071 ν
1640 2032 1778 2070 ortum
1800 2025 1863 2075 sit,
1889 2024 2002 2085 quod
2029 2023 2093 2069 ille
2132 2025 2298 2087 quidem
2325 2042 2348 2071 e
2386 2026 2522 2086 glossa
2547 2032 2760 2087 receptum

231 2115 323 2146 esse
365 2105 496 2162 putat,
523 2098 563 2143 in
589 2113 671 2159 qua
711 2099 915 2161 quaedam
955 2100 1007 2146 de
1033 2099 1140 2145 bello
1184 2099 1489 2145 Eleusiniorum
1528 2099 1830 2161 Demophontis
1856 2106 1991 2144 aetate
2028 2107 2147 2159 gesto
2191 2101 2379 2162 exposita
2405 2101 2528 2145 fuisse
2547 2101 2758 2145 verisimile

233 2176 297 2220 sit.
349 2175 408 2219 At
446 2173 538 2235 quis
565 2175 718 2228 credat,
754 2175 784 2220 si
812 2175 891 2220 hoc
932 2175 1024 2221 loco
1065 2190 1141 2236 pro
1180 2175 1360 2220 censoris
1394 2175 1497 2221 illius
1539 2174 1740 2220 sententia
1779 2174 1830 2219 de
1864 2174 2089 2220 honoribus
2115 2175 2394 2237 Demophonti
2434 2174 2595 2220 tributis
2636 2179 2757 2236 poeta

233 2249 359 2294 verba
398 2249 572 2300 fecisset,
611 2250 801 2311 cuiquam
845 2250 885 2295 in
923 2256 1107 2295 mentem
1146 2250 1315 2302 venisse,
1343 2250 1382 2295 in
1410 2250 1593 2310 margine
1618 2249 1821 2311 quaedam
1848 2256 2005 2302 notare,
2043 2265 2150 2311 quae
2184 2250 2234 2295 ad
2270 2249 2421 2296 bellum
2452 2249 2755 2296 Eleusiniorum

232 2340 283 2370 eo
322 2330 513 2385 tempore
552 2330 717 2382 gestum
745 2324 1028 2387 pertinerent?
1079 2324 1308 2370 Retinenda
1345 2331 1409 2370 est
1447 2325 1570 2383 igitur
1609 2325 1728 2370 lectio
1766 2324 1855 2369 cod.
1894 2339 1969 2368 mS.
2018 2340 2094 2369 nec
2130 2324 2352 2386 quidquam
2406 2325 2647 2370 mutandum
2683 2324 2755 2370 nisi

232 2403 358 2462 τῷγε
399 2397 497 2444 illud
536 2396 576 2441 in
616 2403 785 2458 τοῦγε,
825 2398 877 2444 de
916 2415 1001 2461 quo
1039 2398 1118 2444 iam
1159 2398 1313 2444 dictum
1352 2405 1427 2444 est.
1467 2399 1550 2452 Qui
1590 2414 1686 2445 vero
1715 2399 1877 2444 sactum
1917 2398 1980 2451 sit,
2020 2405 2066 2443 ut
2114 2399 2209 2444 nihil
2251 2399 2302 2446 de
2341 2394 2448 2444 bello
2484 2399 2582 2445 civili
2629 2398 2753 2461 Eleu-

215 2460 432 2519 ‘siniorum
469 2474 771 2536 Demophontis
810 2480 946 2519 aetate
985 2480 1135 2518 exorto
1174 2473 1286 2534 apud
1323 2474 1504 2534 reliquos
1543 2473 1690 2519 harum
1730 2489 1869 2518 rerum
1910 2474 2128 2534 scriptores
2166 2474 2408 2534 reperiatur,
2448 2474 2499 2519 de
2516 2510 2520 2511 ν
2539 2473 2616 2518 hoc
2636 2473 2752 2534 plura

235 2546 362 2593 habet
399 2547 587 2601 Vossius,
625 2549 732 2594 inter
771 2563 878 2608 quae
916 2548 996 2594 hoc
1034 2554 1098 2593 est
1135 2547 1198 2592 vel
1237 2547 1534 2608 gravissimum,
1561 2548 1675 2609 quod
1713 2547 1879 2593 omnino
1926 2547 1999 2592 has
2038 2547 2089 2592 de
2124 2548 2417 2609 Demophonte
2452 2547 2607 2592 fabulas
2647 2548 2748 2592 anti-

233 2622 388 2684 quioris
414 2627 579 2668 tantum
617 2622 761 2668 aetatis
787 2623 924 2676 suisse,
963 2629 1106 2685 postea
1146 2637 1243 2667 vero
1282 2629 1355 2667 aut
1381 2622 1578 2667 interiisse
1604 2629 1676 2667 aut
1712 2621 1877 2668 nomine
1916 2622 2154 2684 Triptolemi
2203 2623 2312 2676 illato
2352 2628 2623 2668 commutatas
2662 2637 2752 2668 esse

231 2695 446 2759 probabile
484 2704 562 2742 est.
601 2696 695 2742 Vid.
735 2697 856 2742 Voss.
895 2697 1068 2748 (Ertdut.
1111 2714 1148 2758 p.
1191 2697 1276 2749 80,
1315 2712 1567 2758 quamquam
1606 2713 1668 2750 ea,
1706 2712 1813 2758 quae
1834 2697 1865 2742 is
1887 2697 1938 2742 de
1966 2696 2234 2758 Triptolemo,
2256 2697 2413 2743 inimico
2436 2697 2751 2757 Demophontis,

232 2771 406 2823 coniicit,
444 2771 563 2817 nohis
602 2787 688 2817 non
725 2770 780 2815 ita
819 2771 871 2816 ab
910 2771 1020 2816 omni
1058 2771 1312 2817 dubitatione
1350 2778 1510 2817 remota
1549 2786 1639 2816 esse
1678 2771 1877 2817 videntur.
1919 2771 2078 2816 Sufficit
2117 2787 2221 2824 eam,
2259 2787 2384 2833 quam
2406 2787 2530 2833 supra
2562 2771 2751 2821 diximus,

232 2845 466 2891 fabularum
504 2844 870 2893 commutationem
897 2861 987 2891 esse
1027 2846 1187 2899 saetam,
1232 2861 1369 2907 neque
1408 2845 1448 2892 id
1485 2862 1616 2892 unum
1662 2845 1782 2892 huius
1828 2846 1988 2905 generis
2034 2845 2270 2907 exemplum
2312 2845 2399 2891 erit.
2476 2845 2590 2891 Talia
2645 2845 2751 2890 enim

232 2935 357 2981 saepe
395 2925 438 2964 et
461 2936 536 2981 pro
576 2919 841 2967 sacerdotum
879 2920 1087 2966 voluntate
1126 2926 1168 2966 et
1195 2936 1270 2983 pro
1309 2920 1521 2967 hominum
1547 2920 1728 2966 diversae
1762 2921 1905 2967 aetatis
1944 2927 2070 2982 atque
2108 2920 2251 2966 indolis
2291 2920 2547 2982 opinionibus
2588 2919 2749 2980 fingun-

231 3000 316 3047 tur,
360 2994 704 3058 Τριπτόλεμος
738 3000 881 3042 autem
904 2994 996 3041 ideo
1034 2995 1157 3041 etiam
1196 2994 1325 3056 magis
1365 2995 1564 3057 placuisse
1603 2994 1762 3041 videtur
1805 2995 2035 3042 hominibus
2081 2995 2318 3056 posterioris
2376 2994 2587 3056 temporis,
2638 2995 2749 3056 quod

231 3068 311 3116 hoc
349 3085 504 3118 nomen
529 3071 582 3118 ad
607 3069 914 3134 agriculturam,
951 3069 1003 3117 ad
1053 3075 1188 3117 terrae
1227 3069 1530 3125 secunditatem,
1578 3070 1629 3119 ad
1680 3085 1768 3116 rem
1815 3069 2016 3132 agrariam
2067 3069 2106 3116 in
2155 3070 2403 3123 universum,
2450 3069 2512 3114 cui
2561 3083 2751 3131 praeesse

231 3143 479 3193 credebatur
501 3146 643 3200 Ceres,
680 3146 833 3208 optime
862 3144 1006 3191 referri
1035 3151 1216 3207 poterat:
1260 3145 1604 3211 Τριπτόλεμος
1638 3146 1746 3191 enim
1784 3147 1976 3192 cohaeret
2014 3160 2108 3191 cum
2145 3145 2392 3211 τρίπολος
2427 3144 2749 3210 (τρίπτολος-

231 3223 379 3279 εμος)
413 3221 462 3267 cs.
497 3221 545 3268 Il.
593 3221 749 3274 XVIII,
799 3220 920 3266 542.
969 3219 1053 3266 Od.
1093 3220 1146 3271 V.
1192 3219 1308 3265 127.
1358 3220 1529 3266 Hesiod.
1568 3221 1726 3281 Theog.
1774 3220 1896 3265 971.
1970 3221 2036 3265 De
2085 3221 2341 3283 Triptolemo
2368 3237 2404 3265 v.
2431 3223 2552 3265 Paus.
2591 3221 2623 3272 1,
2671 3220 2751 3270 14.

232 3292 280 3348 2,
322 3292 406 3348 38,
435 3295 481 3342 6.
521 3295 715 3359 Apollod.
754 3296 787 3348 1,
829 3295 875 3349 5,
904 3294 950 3341 2.
1002 3294 1166 3357 (Heyne
1206 3294 1442 3341 Observatt.
1477 3311 1516 3357 p.
1546 3293 1646 3357 27.)
1684 3294 1836 3356 Hygin.
1863 3293 1940 3339 sab.
1982 3286 2101 3341 147.
2141 3296 2260 3341 Ovid.
2299 3296 2412 3340 Fast.
2437 3295 2510 3347 IV,
2540 3293 2661 3338 555.
2684 3320 2744 3328 --

227 3369 315 3416 Iam
362 3385 494 3416 unum
544 3376 687 3425 restat,
744 3370 859 3433 quod
908 3369 1154 3432 interpretes
1206 3368 1245 3414 h.
1298 3369 1322 3414 l.
1373 3370 1477 3415 male
1517 3368 1668 3414 habet:
1718 3383 1865 3415 censor
1911 3369 1975 3414 ille
2014 3369 2102 3415 libri
2153 3369 2300 3416 Matth.
2350 3369 2516 3417 omnino
2567 3368 2751 3431 ineptum
