2985 3651
1310 217 1367 223 .-
1460 187 1523 233 12
1611 215 1668 221 -.

223 329 439 378 serendum
466 343 559 376 esse
597 331 825 392 putaverit:
851 345 1042 377 reverere
1067 347 1136 377 me
1169 348 1246 393 per
1284 333 1420 378 visum
1459 342 1593 384 tuum,
1622 331 1653 375 si
1680 346 1759 392 ego
1799 343 1979 389 unquam
2008 329 2069 373 vel
2096 329 2204 375 dicto
2244 328 2307 374 vel
2341 329 2448 374 sacto
2474 333 2638 388 gratum
2677 327 2751 373 feci

226 404 360 451 animo
399 404 504 450 tuo?
580 405 727 467 ltaque
776 412 850 451 aut
888 420 949 459 ea,
997 421 1107 468 quae
1156 413 1402 469 sequuntur,
1442 406 1487 451 εἴ
1523 422 1643 452 ποτε
1668 400 1730 468 δι’]
1770 419 1857 449 σευ
1914 430 1986 439 —-
2041 419 2213 465 prorsus
2270 403 2462 449 eiicienda
2506 409 2624 448 erant
2680 409 2751 447 aut

221 479 354 536 θεας
389 474 517 543 ὕπερ
551 484 595 524 et
634 479 679 526 εἴ
713 495 835 526 ποτε
873 508 931 515 -
969 478 1095 544 ἴηνα·
1133 481 1186 528 ad
1234 496 1363 527 unum
1402 481 1592 541 idemque
1632 478 1859 525 subiectum
1897 478 2110 524 referenda
2148 484 2258 522 sunt.
2297 479 2441 539 Neque
2471 493 2568 523 vero
2606 477 2751 539 placet,

221 552 262 600 id
288 552 402 616 quod
439 551 559 599 multi
598 552 800 608 recerunt,
839 570 915 617 pro
955 557 1091 613 θεας
1130 555 1240 602 aliud
1280 555 1376 619 quid
1415 555 1455 601 in
1492 559 1614 601 textu
1653 569 1820 616 ponere.
1860 554 2001 608 Quum
2035 552 2142 597 enim
2172 565 2267 595 cum
2305 551 2461 612 llgenio
2481 551 2533 597 ’Θ
2545 553 2651 613 εἠς
2689 550 2750 596 vel

219 643 316 674 cum
352 628 526 688 Ignarra
563 627 612 674 'P
627 629 695 673 εά
713 644 738 685 ς
783 628 927 691 (quam
964 630 1296 676 emendationem
1335 630 1418 675 aliis
1466 628 1691 675 rationibus
1741 628 1890 674 ductus
1950 628 2030 675 iam
2076 624 2319 688 improbavit
2364 626 2604 686 Mitscherl.)
2653 626 2750 672 scri-

220 701 368 755 bimuS,
406 707 498 747 tum
536 701 647 747 nulla
694 703 871 749 efficitur
910 704 951 749 h.
989 704 1016 749 1.
1072 705 1368 750 sententiarum
1407 702 1637 749 coniunctio
1694 708 1735 746 et
1773 708 1857 747 tam
1906 702 2128 764 abruptum
2166 714 2297 762 genus
2335 699 2493 745 dicendi
2532 700 2625 745 l'erri
2668 715 2751 745 non

221 792 342 838 posse
396 791 519 821 nemo
559 792 644 821 non
680 777 801 824 videt.
844 778 929 832 Qui
968 785 1032 824 est
1071 779 1134 824 hic-
1173 779 1468 824 sententiarum
1507 792 1664 821 nexus:
1712 791 1901 821 reverere
1960 793 2027 822 me
2061 792 2135 838 per
2174 775 2333 826 Theam,
2378 774 2409 819 si
2456 791 2528 833 eqo
2566 789 2750 834 unquam

219 850 468 896 beneficium
495 849 664 913 aliquod
702 851 745 898 in
783 859 826 899 te
867 852 1051 899 contuli?
1090 852 1213 898 Certe
1239 858 1309 898 aut
1348 850 1564 897 dicendum
1612 856 1723 895 erat:
1786 866 1975 896 reverere
2033 867 2100 896 me
2147 866 2221 912 per
2267 849 2423 894 Theam
2476 852 2663 900 matrem,
2718 848 2750 893 si

220 925 386 987 quidem
426 925 491 970 illa
528 941 716 988 unquam
755 928 828 972 tibi
866 934 1031 989 gratum
1071 927 1167 988 quid
1207 927 1312 978 fecit,
1351 932 1424 971 aut
1463 924 1660 987 particula
1683 925 1934 970 coniunctiva
1975 925 2068 970 addi
2107 925 2283 970 debebat
2323 930 2416 985 post
2460 918 2747 985 Θέηςῦπερ.

218 1000 353 1045 Aliam
392 1000 638 1046 emendandi
677 1003 782 1048 viam
822 1003 929 1047 inivit
965 1002 1227 1053 Matthiaeus‚
1283 1001 1366 1062 qui,
1424 1016 1519 1046 cum
1559 1000 1638 1045 iam
1677 1001 1872 1059 lgnarrae
1910 1000 1950 1045 in
1988 1006 2170 1045 mentem
2210 998 2398 1051 venisset,
2437 998 2609 1043 fortasse
2650 996 2746 1042 scri-

219 1074 404 1120 bendum
431 1090 525 1120 esse
564 1072 806 1121 αἴδεσσαί
839 1073 1062 1135 μ’ἐλεόυς
1100 1071 1227 1134 ὕπερ
1269 1103 1327 1109 -
1375 1090 1442 1119 me
1481 1090 1557 1135 pro
1584 1074 1939 1120 commiseratione
1965 1088 2153 1119 reverere
2191 1102 2250 1107 —
2294 1073 2334 1118 id
2361 1073 2473 1134 quod
2499 1079 2637 1118 tamen
2664 1072 2750 1133 ipse

220 1154 421 1211 tanquam
460 1149 575 1195 nimis
614 1150 780 1202 humile,
820 1150 1026 1196 abiectum
1065 1157 1106 1196 et
1144 1151 1357 1196 maiestate
1395 1147 1570 1193 numinis
1608 1147 1819 1208 indignum
1871 1148 2113 1211 improbavit
2161 1149 2224 1210 (cl.
2277 1147 2471 1206 Ignarrae
2513 1146 2748 1192 Emendatt.

221 1238 287 1283 ap.
327 1223 549 1268 Mitscherl.
589 1223 641 1270 ad
679 1241 714 1269 v.
758 1225 844 1285 64)
885 1226 924 1270 h.
963 1225 989 1271 l.
1027 1225 1329 1270 restituendum
1356 1238 1448 1268 esse
1474 1230 1615 1268 censet
1648 1226 1893 1276 αἴδεσσαί
1916 1224 1960 1287 μ’
1985 1225 2194 1289 ἐλέησόν
2227 1222 2282 1281 τ’,
2318 1223 2363 1269 εἴ
2396 1240 2516 1271 ποτε
2556 1220 2618 1287 δή
2659 1237 2746 1270 σευ

222 1297 302 1342 hoc
342 1297 598 1358 potissimum
637 1307 887 1360 argumento
925 1315 1040 1352 usus,
1080 1299 1192 1361 quod
1232 1314 1361 1361 quum
1400 1297 1506 1343 duae
1544 1297 1628 1343 sere
1675 1300 1969 1348 adhiberentur
2018 1299 2058 1345 in
2111 1299 2315 1362 precando
2361 1298 2575 1351 formulae,
2623 1298 2749 1344 altera

224 1387 304 1432 qua
344 1388 417 1431 per
456 1388 676 1432 personam
715 1374 890 1435 aliquam
931 1375 993 1419 vel
1031 1390 1119 1419 rem
1159 1374 1208 1425 ei,
1248 1389 1371 1435 quem
1411 1371 1681 1428 obtestamur,
1721 1376 1966 1422 carissimam
2016 1376 2076 1420 vel
2125 1373 2509 1421 venerandis-simam
2561 1389 2747 1435 precare·

222 1460 315 1489 mur
354 1444 453 1504 (Οά.
494 1446 588 1498 XV,
630 1446 751 1492 261.
789 1448 836 1492 ΙΙ.
875 1449 970 1501 XV,
1011 1447 1133 1493 660.
1173 1448 1308 1497 xxn,
1350 1444 1470 1491 338.
1512 1446 1703 1506 Apollon.
1757 1450 1834 1510 Rh.
1883 1451 1955 1502 ΙΙΙ,
2019 1448 2136 1494 701.
2187 1450 2225 1494 h.
2265 1448 2307 1493 in
2348 1450 2450 1495 Ven.
2498 1446 2643 1507 131.),
2691 1449 2748 1492 al-

221 1525 323 1571 tera,
349 1535 431 1580 qua
469 1520 521 1574 id,
561 1521 675 1582 quod
713 1529 877 1568 nosmet
914 1522 989 1584 ipsi
1028 1521 1069 1567 in
1108 1522 1209 1575 eius,
1249 1536 1373 1584 quem
1412 1536 1592 1573 cremiis,
1640 1524 1811 1584 gratiam
1852 1524 2033 1577 fecimus,
2083 1523 2122 1568 in
2162 1522 2400 1569 memoriam
2451 1521 2486 1566 ei
2536 1536 2748 1567 revocare·

220 1608 313 1638 mus
354 1593 417 1653 (ut
451 1595 495 1640 ll.
535 1596 568 1647 Ι,
606 1593 691 1640 37.
720 1594 826 1642 395
868 1597 908 1642 h.
948 1598 973 1643 l.
1014 1596 1058 1644 εἴ
1098 1596 1441 1659 ποτε-ἴηνα),
1481 1595 1558 1639 hae
1596 1604 1735 1643 autem
1776 1599 1973 1644 formulae
2021 1613 2231 1659 nunquam
2269 1598 2431 1642 iunctae
2457 1597 2750 1657 reperirentur,

225 1665 298 1712 sed
337 1666 536 1714 alterutra
563 1674 725 1715 tantum
764 1670 1041 1724 adhiberetur,
1081 1687 1165 1717 non
1203 1671 1415 1716 verisimile
1452 1675 1564 1717 esset
1603 1673 1641 1717 b.
1670 1672 1694 1717 l.
1735 1673 1855 1717 etiam
1895 1673 2064 1717 alteram
2103 1672 2270 1733 insuper
2318 1671 2408 1716 addi
2449 1685 2584 1731 posse,
2621 1686 2748 1731 quum

221 1739 285 1786 hic
324 1740 497 1788 alteram
536 1742 756 1789 formulam
795 1744 836 1789 in
875 1745 1008 1791 verbis
1044 1744 1294 1810 citrove-'iq
1307 1763 1362 1791 να
1400 1748 1477 1792 iam
1516 1744 1774 1792 haberemus.
1844 1748 1977 1791 Affert
2025 1753 2236 1808 praeterea
2287 1746 2399 1790 locos
2459 1760 2513 1788 ex
2578 1746 2749 1788 Homeri

224 1816 471 1862 carminibus
511 1826 685 1871 sumtos,
713 1819 864 1880 quibus
904 1821 1178 1867 αἰδεῖσθαι
1215 1832 1258 1869 et
1293 1823 1535 1886 ἕλε-αἴρειν
1560 1823 1793 1884 saepissime
1834 1823 1871 1867 in
1899 1822 2096 1867 eiusmodi
2134 1821 2407 1866 locutionibus
2436 1820 2626 1880 coniungi
2654 1836 2749 1881 pro-

221 1889 357 1936 batur.
398 1892 456 1937 At
479 1893 510 1937 si
538 1894 750 1938 Homerus
779 1910 991 1956 nunquam
1011 1895 1113 1940 duas
1134 1897 1221 1941 illas
1247 1898 1440 1941 formulas
1474 1897 1697 1948 coniunxit,
1727 1913 1777 1941 ne
1804 1904 1946 1941 nostro
1971 1897 2135 1958 quidem
2162 1901 2309 1957 poetae
2340 1896 2446 1940 idem
2468 1895 2626 1939 licuisse
2657 1895 2749 1939 inde

180 2017 184 2019 ‚
223 1980 307 2009 non
347 1966 553 2027 sequitur:
595 1967 734 2020 immo,
774 1984 905 2029 quum
944 1970 996 2014 ab
1033 1971 1221 2016 Homero
1260 1972 1349 2032 ipso
1390 1972 1497 2016 hunc
1537 1972 1731 2032 hymnum
1772 1988 1855 2016 non
1894 1971 2167 2032 compositum
2206 1986 2297 2015 esse
2338 1977 2512 2020 constet,
2552 1985 2647 2013 eum
2680 1970 2748 2030 qni

222 2039 485 2084 Homericam
526 2040 747 2086 dictionem
784 2043 965 2088 imitatus
1005 2052 1080 2096 est,
1119 2044 1192 2089 has
1232 2046 1334 2089 duas
1374 2046 1581 2096 formulas,
1632 2062 1733 2106 quas
1783 2047 1823 2090 in
1861 2047 2047 2090 Homero
2096 2062 2179 2089 non
2228 2044 2466 2090 coniunctas
2518 2043 2748 2094 invenisset,

224 2113 476 2173 coniungere
515 2116 698 2174 potuisse
736 2124 920 2176 apparet.
988 2118 1171 2169 Accedit,
1220 2120 1345 2178 quod,
1393 2120 1425 2163 si
1476 2120 1685 2164 Matthiaei
1735 2120 2062 2164 emendationem
2110 2119 2341 2178 accipimus,
2391 2116 2600 2177 quomodo
2649 2116 2748 2162 illud

227 2183 353 2248 ’ὅπερ
394 2187 434 2230 in
473 2188 566 2232 cod.
606 2204 681 2233 ms.
721 2196 861 2234 ortum
899 2190 964 2242 sit,
1003 2207 1088 2236 non
1127 2191 1322 2245 videmus,
1371 2209 1493 2254 quam
1534 2193 1814 2238 difficultatem
1863 2193 1940 2238 iam
1980 2191 2261 2238 animadvertit
2309 2207 2455 2237 censor
2502 2189 2590 2236 libri
2641 2190 2748 2236 Mat-

226 2258 348 2304 thiaei
399 2261 438 2305 in
489 2261 614 2309 ffit'bl.
650 2263 682 2320 f
716 2264 855 2323 {ebbae
889 2264 1124 2326 Qsslffenfd).
1160 2283 1204 2313 u.
1241 2269 1411 2324 Sitittste,
1448 2267 1540 2312 Vol.
1593 2267 1659 2311 65
1721 2269 1832 2312 Part.
1894 2266 1934 2319 1,
1994 2282 2086 2327 pag.
2140 2266 2224 2312 69.
2273 2265 2425 2318 1801,
2474 2264 2542 2326 qui
2591 2264 2748 2322 Ἠέλι’,

227 2333 469 2381 αἴδεσσαι
504 2334 567 2396 μ’,
601 2337 906 2399 Ὺπεριονίὸ”’,
941 2340 984 2385 εἴ
1012 2357 1134 2387 ποτε
1157 2371 1214 2377 ——
1257 2342 1440 2396 coniecit,
1478 2356 1584 2403 quae
1623 2341 1857 2386 coniectura
1896 2356 1970 2403 per
2009 2356 2052 2386 se
2093 2340 2198 2386 bona
2238 2347 2360 2392 essct,
2400 2340 2472 2384 nisi
2512 2340 2664 2402 duplex
2685 2340 2749 2384 illa

228 2409 267 2454 in
305 2426 390 2456 uno
430 2425 551 2456 versu
591 2412 784 2458 allocutio
825 2430 1075 2476 magnopere
1114 2415 1356 2478 displiceret.
1399 2417 1542 2470 Quum
1581 2415 1705 2476 igitur
1744 2431 1900 2467 omnes,
1948 2430 2049 2477 quas
2099 2431 2173 2460 vv.-
2199 2415 2266 2461 dd.
2306 2421 2613 2477 proposuerunt
2651 2429 2748 2459 con-

227 2483 418 2538 iecturas,
472 2485 526 2531 ita
578 2486 658 2532 sint
697 2495 971 2550 comparatae,
1007 2497 1052 2536 ut
1090 2491 1207 2538 nobis
1247 2492 1411 2554 probari
1450 2507 1532 2536 non
1571 2490 1740 2552 possint,
1781 2490 1967 2552 proxime
2006 2489 2057 2535 ad
2096 2489 2185 2535 cod.
2226 2505 2301 2535 ms.
2342 2488 2584 2550 scripturam
2614 2503 2747 2534 acces-

228 2558 329 2605 sisse
368 2560 465 2605 mihi
504 2560 655 2615 videor,
694 2562 725 2607 si
766 2578 861 2610 cum
900 2565 1096 2612 Santenio
1137 2574 1178 2612 et
1216 2565 1503 2613 Mitscherlich.
1546 2571 1705 2622 θεᾶς
1743 2562 1896 2629 ὕπερ
1933 2564 2080 2617 scribo,
2119 2564 2172 2610 ita
2211 2572 2257 2611 ut
2280 2565 2358 2610 hoc
2396 2564 2447 2609 de
2485 2563 2571 2625 ipsa
2598 2564 2749 2609 Cerere

228 2634 387 2680 dicatur
426 2635 505 2680 hoc
545 2651 690 2684 sensu:
721 2655 783 2684 me
819 2641 900 2685 cole
937 2657 1069 2700 quum
1095 2643 1169 2687 (lea
1193 2644 1285 2694 sim,
1324 2659 1387 2688 me
1420 2656 1595 2687 reverere
1632 2650 1833 2700 tanquam
1882 2642 2012 2693 deam,
2049 2655 2154 2700 quae
2202 2639 2367 2702 quidem
2415 2639 2579 2692 locutio,
2628 2639 2659 2684 si
2698 2638 2751 2683 ad

228 2710 536 2770 grammaticam
576 2710 776 2758 rationem
814 2720 989 2776 spectas,
1028 2715 1175 2761 insoliti
1202 2717 1298 2779 quid
1337 2715 1475 2767 habet,
1503 2714 1576 2760 sed
1613 2714 1653 2759 in
1682 2720 1825 2759 nostro
1864 2718 1988 2777 poeta
2027 2714 2199 2760 sortasse
2226 2713 2461 2760 excusanda
2499 2720 2575 2758 est.

1330 2808 1366 2837 v.
1414 2789 1513 2836 188
1557 2805 1644 2850 sqq.
1875 2833 1879 2836 r

762 2886 813 2890 m
857 2887 913 2892 —
952 2860 982 2921 ἡ
1024 2858 1144 2923 ὸ“’ὰ’ρ’
1182 2860 1256 2906 ἐπ’
1296 2861 1452 2906 οὐδόν
1488 2860 1572 2921 ἔβη
1614 2857 1752 2913 ποσί,
1791 2857 1874 2903 καὶ
1913 2859 1973 2918 ῥα
2010 2854 2273 2921 μελάθρου

760 2932 874 2992 κῦρε
912 2927 1057 2995 κάρη,
1096 2933 1287 2996 πλῆσεν
1324 2930 1376 2979 δὲ
1414 2927 1589 2995 θύρας
1624 2931 1805 2987 σέλαος
1843 2929 2031 2977 θείοιο.

756 2999 855 3063 τὴν
892 2999 1095 3060 δάἰόώς
1130 3021 1183 3050 τε
1222 3007 1379 3062 σέβας
1413 3021 1466 3051 τε
1505 3004 1581 3050 ἰδὲ
1620 3003 1813 3066 χλωρὸν
1850 3003 1966 3059 δέος
2001 2999 2143 3049 εἶλεν.

379 3075 435 3127 Is,
474 3075 543 3137 qui
582 3077 633 3122 de
670 3077 811 3138 [lgenii
851 3078 1038 3140 hymnor.
1088 3082 1406 3127 Homericorum
1444 3082 1621 3127 editione
1647 3080 1838 3126 iudicium
1863 3080 1955 3125 tulit
2002 3081 2053 3141 (ν.
2099 3081 2223 3130 {neue
2267 3080 2484 3139 ‘Bibliotln
2531 3081 2560 3138 f.
2614 3080 2751 3142 fcbssztc

232 3144 466 3210 ffssiffenfcb.
505 3163 552 3199 u.
587 3152 685 3210 frete
717 3152 889 3213 ffliuste.
930 3153 1023 3199 Vol.
1067 3153 1150 3208 59,
1190 3157 1299 3201 Part.
1347 3155 1387 3201 1.
1434 3155 1570 3201 1797
1615 3172 1652 3219 p.
1700 3154 1799 3200 119
1844 3154 1949 3216 sqq.)
1988 3155 2172 3209 miratur,
2213 3156 2323 3218 quod
2371 3156 2506 3200 nullus
2545 3156 2746 3215 interpres

233 3220 274 3266 in
312 3222 371 3267 his
410 3224 595 3271 versibus
637 3225 863 3280 offenderit,
905 3227 1057 3291 qnippe
1098 3229 1166 3291 qui
1206 3230 1289 3275 sine
1328 3230 1452 3275 dubio
1505 3246 1581 3293 pro
1620 3230 1766 3293 spuriis
1806 3235 1930 3290 atquc
1969 3245 1991 3274 a
2030 3231 2294 3291 grammatico
2341 3232 2521 3292 quodam
2568 3230 2749 3289 interpo-

230 3295 322 3341 latis
359 3296 534 3347 habendi
571 3299 665 3353 sint,
704 3314 834 3362 quum
871 3302 910 3347 h.
950 3302 975 3349 1.
1015 3303 1160 3349 eadem
1199 3305 1366 3357 narrari,
1406 3320 1512 3367 quae
1549 3305 1650 3350 infra
1688 3320 1724 3349 v.
1768 3302 1872 3346 276
1903 3318 1990 3367 sqq.
2021 3305 2222 3366 legantur,
2261 3306 2445 3366 ineptum
2467 3305 2517 3348 sit
2542 3292 2749 3365 poetaque

228 3375 375 3415 nostro
412 3370 635 3434 indignum.
675 3375 997 3423 Grammaticum
1037 3393 1135 3423 vero
1174 3378 1296 3423 istum
1336 3379 1485 3424 similes
1509 3379 1550 3423 in
1588 3377 1759 3423 Homeri
1799 3376 2041 3423 carminibus
2080 3379 2194 3422 locos
2242 3378 2302 3422 vel
2351 3378 2474 3422 etiam
2512 3377 2747 3422 Callimachi
