2985 3651
1298 161 1622 209 ...ss-1

202 306 329 355 Ceres
367 303 466 352 illud
505 302 748 352 detrectavit
783 316 863 350 nec
900 301 1036 351 solum
1057 317 1184 365 agros
1220 302 1382 352 steriles
1421 304 1559 352 statim
1597 303 1736 365 fruges
1761 302 1949 349 emittere
1969 300 2223 365 arboresque
2248 301 2398 351 llorere
2424 304 2550 362 iubet,
2576 320 2718 353 verum

199 380 322 430 etiam
358 378 572 428 discedens
598 377 767 440 regibus
790 377 1098 426 Eleusiniorum
1123 392 1240 425 sacra
1277 394 1325 425 ac
1349 379 1540 442 mysteria
1577 377 1764 432 instituit,
1803 392 1909 441 quae
1934 377 2092 439 magnis
2128 376 2318 423 laudibus
2357 394 2382 425 a
2412 384 2536 442 poeta
2574 387 2719 427 nostro

198 455 429 503 effemntur
466 454 520 516 (v.
560 452 888 515 470—483).
926 453 1028 508 Quo
1064 453 1174 500 sacto
1212 468 1308 500 cum
1331 460 1427 501 nata
1464 453 1516 500 ad
1542 453 1768 515 Olympum
1792 451 2076 515 proficiscitur,
2114 455 2323 514 poetaque
2354 453 2396 499 in
2420 455 2504 501 fine
2536 454 2718 500 beatissi-

202 545 296 577 mos
321 545 394 577 eos
429 528 518 575 sore
556 527 779 591 praedicat,
818 529 889 591 qui
926 527 1091 576 Cereris
1130 527 1317 591 filiaeque
1355 529 1443 577 eius
1481 542 1665 586 amorem
1697 526 1773 573 sibi
1819 526 1898 573 sint
1942 525 2203 573 conciliaturi.
2232 555 2236 559 -
2263 528 2488 576 Postremis
2535 529 2719 576 versibus

198 602 396 652 brevibus
423 602 614 666 precibus
640 608 746 656 orat,
771 609 819 648 ut
843 608 1025 666 utraque
1061 602 1139 649 dea
1163 618 1241 665 pro
1279 604 1456 650 carmine
1493 618 1571 649 suo
1608 602 1731 649 vitam
1768 601 1844 647 sibi
1864 601 2033 647 beatam
2058 600 2268 663 praebeat,
2294 616 2339 647 se
2358 603 2436 649 alio
2463 604 2587 650 etiam
2613 611 2718 650 tem·

197 694 302 743 pore
326 693 481 726 novum
519 691 686 724 carmen
709 675 751 722 in
777 676 942 724 Cereris
981 692 1030 725 ac
1053 677 1326 741 Proserpinae
1363 677 1565 726 honorem
1602 676 1927 740 compositurum
1964 690 2068 722 esse.

349 754 436 799 Iam
462 757 709 813 argumento
734 751 874 815 hymni
898 753 942 798 in
978 752 1176 798 Cererem
1208 752 1426 815 descripto,
1460 753 1502 800 id
1540 751 1652 815 quod
1688 750 1806 797 nobis
1840 751 1892 796 de
1923 755 2015 795 toto
2053 750 2133 796 hoc
2167 750 2344 796 carmine
2378 758 2422 797 et
2452 753 2506 798 de
2542 754 2720 805 consilio,

198 827 312 891 quod
336 831 463 889 poeta
488 828 529 871 in
555 824 776 873 scribendo
803 827 878 872 sibi
904 826 1180 889 proposuerit,
1228 827 1491 872 statuendum
1527 841 1619 871 esse
1663 825 1835 877 videtur,
1874 839 2144 885 exponamus,
2182 825 2296 871 locos
2331 825 2455 871 etiam
2485 826 2719 878 nonnullos,

203 902 273 964 qui
298 917 322 948 a
348 901 441 947 viris
480 900 613 948 doctis
638 916 725 946 non
749 902 806 947 ita
830 912 944 947 recte
981 901 1277 960 intelliguntur,
1304 901 1337 945 si
1364 901 1485 947 fuerit
1512 901 1685 953 occasio,
1710 901 1751 946 in
1777 899 1852 945 hac
1878 899 1930 945 de
1955 905 2046 944 toto
2069 898 2246 945 carmine
2273 899 2515 961 quaestione
2541 900 2719 962 explica·

196 975 296 1021 turi.
321 975 379 1020 Ut
405 975 544 1020 statim
571 974 623 1020 ad
648 974 690 1020 id
715 975 829 1035 quod
854 975 1091 1036 primarium
1116 978 1194 1026 est,
1219 974 1402 1020 animum
1427 975 1702 1027 attendamus,
1746 974 1922 1034 hymnus
1955 972 2022 1018 hic
2046 988 2158 1018 unus
2196 980 2263 1036 est
2287 980 2331 1019 et
2356 974 2541 1035 exceptis
2566 974 2722 1036 aliquot

197 1048 583 1113 interpolationibus
609 1047 790 1110 locisque
814 1047 1010 1094 mutilatis
1035 1046 1226 1094 omnibus
1251 1048 1434 1098 numeris
1460 1048 1689 1100 absolutus,
1715 1063 1852 1109 neque
1879 1046 2102 1093 audiendus
2130 1046 2379 1094 Matthiaeus
2409 1047 2451 1095 in
2472 1047 2577 1095 libro
2598 1063 2723 1111 supra

198 1125 382 1179 laudato,
408 1139 514 1186 quae
538 1123 647 1169 enim
672 1122 738 1168 ille
763 1123 883 1168 affert
908 1129 1166 1184 argumenta,
1190 1130 1239 1167 ut
1264 1123 1518 1168 contrarium
1551 1121 1650 1185 quid
1674 1122 1944 1176 demonstret,
1979 1138 2028 1168 ea
2073 1123 2209 1168 omnia
2243 1122 2355 1185 parvi
2394 1124 2599 1179 momenti,
2627 1129 2724 1170 sunt

202 1205 331 1263 atque
354 1199 409 1244 ita
433 1203 685 1259 comparata,
711 1203 760 1242 ut
785 1197 899 1242 facile
938 1196 1139 1242 confutari
1164 1196 1335 1258 possint.

355 1272 542 1318 Primum
567 1271 609 1316 in
640 1271 722 1317 hoc
756 1271 882 1317 salsus
907 1286 1000 1317 esse
1023 1270 1185 1317 videtur
1207 1271 1321 1331 Aug.
1344 1271 1591 1319 Matthiaeus
1628 1271 1655 1316 1.
1692 1270 1718 1315 l.
1754 1286 1845 1331 pag.
1891 1268 1956 1315 75
1986 1286 2062 1331 sq„
2096 1269 2210 1333 quod
2235 1286 2325 1316 eam
2350 1277 2470 1332 putat
2494 1279 2599 1317 esse'
2612 1289 2724 1319 sum-

201 1361 315 1393 mam
339 1345 464 1402 huius
499 1344 654 1407 hymni,
677 1351 727 1391 ut
750 1338 896 1407 raptus
920 1344 1193 1406 Proserpinae
1218 1351 1446 1392 enarretur.
1482 1346 1641 1392 Verum
1665 1343 1830 1406 quidem
1856 1349 1933 1397 est,
1960 1348 2127 1406 poetam
2160 1343 2256 1406 ipsis
2295 1343 2434 1407 primis
2460 1344 2646 1393 versibus
2672 1347 2724 1394 ad

197 1420 307 1467 hanc
331 1418 510 1466 rabulam
535 1419 723 1472 transire,
749 1425 791 1465 et
813 1419 1038 1465 rectissime
1076 1434 1101 1464 a
1136 1419 1361 1467 Matthiaeo
1385 1419 1642 1472 observatur,
1667 1422 1835 1480 poetam
1873 1418 1913 1463 in
1938 1418 2023 1463 aliis
2050 1418 2221 1480 hymnis,
2248 1433 2378 1481 quum
2403 1419 2616 1466 consilium
2643 1421 2718 1467 sibi

199 1494 462 1558 propositum
486 1493 676 1547 innuerit,
704 1493 841 1539 statim
866 1493 1086 1540 transitum
1111 1493 1164 1541 ad
1188 1494 1288 1540 illud
1325 1495 1471 1547 facere,
1499 1494 1572 1540 sed
1598 1494 1638 1540 in
1663 1499 1808 1540 nostro
1833 1493 1986 1555 hymno
2012 1493 2087 1539 alia
2125 1508 2220 1540 meo
2246 1494 2413 1555 quidem
2438 1494 2585 1541 iudicio
2611 1496 2725 1543 adhi-

198 1569 337 1618 benda
374 1575 438 1615 est
461 1567 580 1614 ratio.
617 1569 749 1615 Poeta
774 1567 914 1630 primis
939 1566 1126 1614 versibus
1150 1568 1259 1623 dicit,
1284 1584 1329 1615 se
1367 1575 1491 1615 cantu
1517 1584 1593 1614 suo
1620 1567 1817 1614 Cererem
1841 1567 2013 1630 eiusque
2050 1567 2174 1614 filiam
2198 1568 2486 1631 Proserpinam
2513 1569 2724 1616 celebrare

198 1644 317 1696 velle,
341 1659 427 1690 non
451 1643 576 1703 igitur
600 1648 769 1704 raptum
793 1643 1079 1704 Proserpinae,
1105 1658 1363 1705 quamquam
1382 1643 1462 1689 iam
1488 1643 1540 1689 ad
1565 1643 1676 1688 hunc
1701 1642 1976 1688 enarrandum
2000 1642 2171 1688 transit:
2198 1642 2267 1705 qui
2286 1643 2451 1705 mythus
2478 1644 2561 1697 sive
2588 1644 2725 1702 fabula

198 1717 347 1766 deinde
372 1717 539 1780 copiose
577 1717 814 1780 exponitur,
841 1717 893 1765 ad
915 1717 1025 1764 hunc
1051 1716 1161 1765 enim
1185 1717 1374 1779 mythum
1400 1717 1614 1763 reserenda
1638 1722 1702 1763 est
1725 1731 1938 1763 sacrorum
1961 1716 2273 1763 Eleusiniorum
2297 1718 2516 1766 institutio.
2562 1719 2611 1765 In
2636 1734 2725 1765 car-

199 1792 311 1841 mine
347 1791 487 1855 igitur,
525 1807 610 1856 quo
647 1791 750 1839 haec
791 1806 1005 1839 sacrorum
1038 1791 1343 1839 Eleusiniorum
1384 1792 1584 1838 institutio
1622 1791 1913 1845 celebraretur,
1952 1790 2116 1853 mythus
2154 1791 2219 1835 ille
2261 1791 2426 1854 copiose
2472 1793 2725 1839 enarrandus

198 1873 304 1915 erat.
341 1868 489 1930 Itaque
527 1867 739 1913 consilium
776 1871 926 1929 poeme
963 1867 1004 1913 in
1047 1882 1098 1913 eo
1137 1868 1317 1930 positum
1351 1882 1444 1914 esse
1490 1874 1607 1930 puto,
1646 1872 1692 1913 ut
1730 1881 1942 1911 sacrorum
1979 1866 2283 1912 Eleusiniorum
2321 1868 2438 1929 origo
2477 1868 2723 1919 celebretur,

195 1956 337 2004 neque
362 1947 507 1988 contra
544 1957 613 2000 me
638 1941 790 1996 dicunt,
830 1942 901 2004 qui
939 1942 1019 1987 iam
1056 1942 1108 1988 de
1145 1942 1269 1988 huius
1307 1942 1494 1988 carminis
1533 1947 1779 2003 argumento
1817 1957 1864 1986 ac
1890 1957 2051 1987 summa
2070 1941 2395 2003 disputaverunt,
2422 1942 2643 1989 Groddeck
2676 1943 2729 1988 de

199 2016 340 2078 hymn.
377 2016 588 2062 Homerie.
614 2016 729 2079 reliq.
756 2031 849 2078 pag.
890 2015 961 2061 45
1003 2031 1092 2079 sqq.
1129 2016 1405 2063 Mitscherlich
1430 2017 1563 2062 Praes.
1589 2016 1642 2062 ad
1663 2016 1774 2061 hunc
1799 2015 1996 2077 hymnum
2026 2015 2079 2061 ab
2101 2015 2190 2078 ipso
2216 2016 2371 2062 editum
2409 2033 2450 2079 p.
2472 2018 2569 2063 XX.
2609 2017 2727 2078 Ilgen

201 2090 511 2138 Animadverss.
536 2090 578 2138 in
600 2089 739 2153 hymn.
777 2091 819 2137 in
845 2090 1042 2137 Cererem
1080 2091 1175 2138 edit.
1211 2091 1299 2138 eius
1336 2106 1430 2154 pag.
1456 2091 1580 2137 499.
1618 2091 1713 2136 Hoc
1738 2090 1847 2137 enim
1885 2090 2122 2152 primarium
2160 2095 2237 2144 est,
2275 2097 2324 2136 ut
2349 2090 2577 2138 doceantur
2614 2091 2728 2137 audi·

201 2170 333 2218 tores,
372 2165 444 2228 qui
471 2164 624 2211 factum
662 2165 728 2219 sit,
752 2170 803 2211 ut
840 2179 956 2211 sacra
993 2165 1061 2211 illa
1096 2166 1303 2212 Eleusinia
1340 2167 1666 2218 instituerentur,
1705 2166 1747 2211 id
1783 2165 1896 2226 quod
1933 2165 2022 2210 fieri
2062 2180 2147 2210 non
2184 2165 2331 2227 potuit,
2370 2165 2445 2211 nisi
2482 2165 2624 2228 mytho
2662 2165 2730 2211 illo

203 2246 398 2284 accurate
424 2240 628 2301 exposito.
665 2239 856 2301 Denique
893 2240 1033 2301 hymni
1072 2241 1258 2301 epilogus
1295 2257 1333 2286 v.
1362 2239 1467 2285 473
1511 2256 1600 2301 sqq.
1623 2256 1699 2301 pro
1719 2246 1862 2285 nostra
1888 2240 1940 2285 de
1967 2255 2127 2284 summa
2152 2240 2339 2285 carminis
2365 2240 2566 2286 sententia
2595 2239 2731 2285 afferri

201 2321 356 2376 potest,
395 2313 467 2358 ubi
507 2314 635 2359 Ceres
660 2321 903 2375 recuperata
929 2314 1010 2359 filia
1047 2314 1296 2376 principibus
1321 2315 1626 2361 Eleusiniorum
1663 2315 1767 2360 ritus
1807 2331 2021 2360 sacrorum
2057 2330 2228 2360 suorum
2266 2320 2520 2361 monstrasse
2558 2313 2730 2362 dicitur:

201 2403 341 2450 neque
368 2389 476 2433 enim
515 2389 646 2442 video,
672 2404 748 2434 cur
787 2389 839 2435 de
863 2388 1097 2449 integritate
1135 2405 1331 2435 versuum
1368 2390 1493 2436 modo
1520 2390 1781 2435 laudatorum
1820 2388 2092 2435 dubitandum
2130 2388 2182 2435 sit
2220 2387 2284 2449 (cs.
2305 2383 2360 2435 'v.
2403 2387 2540 2450 274).
2592 2388 2637 2435 Si
2662 2387 2727 2433 hic

204 2462 332 2505 verba
359 2463 560 2522 quaedam
583 2463 745 2506 insolita
783 2470 826 2506 et
849 2478 971 2523 ,quae
997 2462 1158 2506 dictioni
1197 2463 1343 2524 prioris
1382 2464 1507 2523 partis
1558 2463 1678 2507 huius
1717 2462 1854 2522 hymni
1894 2462 2028 2507 minus
2076 2468 2172 2523 apta
2221 2479 2313 2507 esse
2357 2463 2584 2514 videantur,
2622 2462 2732 2507 inve·

203 2536 391 2587 niuntur,
419 2537 518 2595 quid
538 2537 719 2597 impedit,
759 2537 980 2597 quominus
1005 2536 1082 2582 hac
1119 2537 1203 2598 ipsa
1240 2538 1435 2584 commoti
1473 2537 1632 2583 ratione
1669 2544 1807 2583 totum
1852 2536 1962 2583 hunc
2000 2536 2137 2583 locum
2174 2535 2446 2598 antiquiorem
2484 2535 2621 2599 potius
2659 2535 2731 2583 ha-

204 2607 380 2656 beamus
404 2625 532 2671 quam
567 2610 783 2657 recentiori
822 2616 1013 2672 tempore
1038 2609 1331 2673 interpolatum
1359 2610 1421 2672 *)‘.’
1461 2610 1585 2658 Certe
1623 2610 1839 2658 eiiciendos
1878 2625 1970 2658 esse
2021 2610 2099 2658 hos
2149 2624 2293 2658 versus
2329 2610 2596 2659 Hermannus
2634 2609 2731 2656 mihi

203 2682 321 2731 nullo
359 2682 487 2731 modo
525 2684 775 2746 persuadere
802 2690 954 2748 potest.
994 2683 1039 2732 Si
1077 2683 1201 2746 igitur
1226 2685 1457 2739 statuimuS‚
1497 2685 1575 2733 hoc
1613 2685 1736 2733 fuisse
1775 2688 1924 2748 poetae
1949 2685 2220 2748 propositum,
2255 2691 2303 2732 ut
2329 2699 2542 2734 sacrorum
2567 2684 2728 2732 Eleusi-

207 2752 376 2807 niorum
401 2758 601 2821 originem
639 2758 880 2816 celebraret,
917 2776 1004 2808 non
1041 2775 1210 2808 necesse
1244 2767 1346 2815 erat,
1384 2766 1434 2808 ut
1484 2765 1705 2824 propterea
1751 2760 1892 2823 templi
1927 2759 2122 2808 Eleusinii
2166 2760 2393 2808 exstructio
2440 2766 2483 2808 et
2532 2759 2732 2807 institutio

211 2848 428 2884 sacrorum
471 2833 558 2897 ipsa
601 2849 639 2882 v.
681 2833 786 2882 296
817 2849 906 2898 sqq.
946 2832 1053 2882 478
1097 2850 1187 2898 sqq.
1223 2835 1387 2899 copiose
1424 2841 1677 2890 narraretur,
1704 2850 1810 2899 quae
1835 2835 2046 2883 Matthiaei
2085 2835 2220 2899 opinio
2259 2841 2324 2884 est
2364 2837 2390 2884 l.
2439 2836 2480 2892 1..
2524 2836 2650 2882 immo
2685 2849 2732 2881 ea

211 2905 394 2955 breviter
432 2922 644 2971 exponere
691 2907 850 2964 licebat,
889 2908 1117 2958 dummodo
1157 2908 1306 2965 sabula,
1342 2909 1453 2958 unde
1487 2910 1589 2958 haec
1628 2924 1742 2957 sacra
1780 2917 1907 2975 atque
1945 2910 2055 2958 initia
2088 2910 2288 2974 originem
2326 2911 2478 2959 ducere
2525 2909 2733 2956 existima-

207 2980 377 3035 bantur,
415 2981 645 3029 luculenter
683 2983 1000 3031 describeretur.

357 3056 447 3104 lam
485 3055 537 3103 ad
561 3063 818 3118 argumenta,
856 3057 1006 3121 quibus
1041 3058 1290 3105 Matthiaeus
1316 3058 1342 3104 l.
1369 3073 1404 3104 c.
1444 3059 1749 3106 demonstrasse
1788 3060 1862 3105 sibi
1888 3059 2061 3113 videtur,
2099 3060 2209 3106 hunc
2234 3061 2433 3123 hymnum
2469 3073 2525 3105 ex
2565 3057 2729 3103 duobus

211 3130 379 3177 diversis
405 3129 566 3192 hymnis
591 3132 918 3192 conglutinatum
943 3147 1049 3187 esse,
1067 3133 1248 3181 animum
1286 3133 1560 3187 advertamuS,
1598 3140 1761 3180 ceteros
1786 3135 1895 3181 enim
1921 3135 2165 3197 interpretes
2202 3135 2287 3181 sere
2324 3149 2469 3182 omnes
2508 3134 2560 3181 de
2587 3133 2663 3179 hac
2688 3147 2734 3178 re

283 3308 322 3352 ¹³)
356 3309 546 3345 Verisimile
572 3316 626 3345 est
650 3312 742 3346 enim
766 3322 809 3345 ex
835 3313 909 3347 aliis
935 3314 1175 3359 antiquissimis
1202 3313 1326 3347 fabulis
1351 3308 1491 3356 τελετὴν
1516 3314 1684 3357 quandam
1709 3325 1885 3349 sacrorum
1911 3315 2161 3352 Eleusiniorum
2186 3310 2257 3353 tum
2273 3317 2433 3363 temporis
2458 3316 2525 3351 iam
2549 3314 2730 3358 exstitisse,

353 3375 559 3413 quamquam
581 3378 682 3406 sacra
706 3369 780 3414 ipen
804 3367 981 3406 Eleusinia
1005 3370 1195 3414 posteriore
1221 3375 1371 3415 tempore
1399 3370 1549 3406 instituta
1575 3380 1650 3404 esse
1676 3375 1819 3405 constat.
